2430 3848
137 167 180 232 62
543 170 734 228 IAMBLICHI

138 331 279 395 δύναται
301 329 484 415 ἀφεστάναι
508 332 627 415 αὐτοῦ,
654 335 738 419 πρὸς
761 329 798 398 δὲ
820 334 882 417 τὴν
905 334 1017 419 ψυχὴν
1040 335 1157 417 τετρά·

137 443 234 520 φθαι.
275 435 331 501 καὶ
354 438 391 503 ἐν
414 448 484 514 τοῖς
506 440 671 516 τοιούτοις
694 433 757 504 οὖν
776 441 876 524 δῆλός
899 439 990 505 ἐστιν
1013 439 1031 505 ὁ
1055 443 1155 524 φιλό-

138 557 244 625 σοφος
271 542 427 608 ἀπολύων
455 545 505 608 ὅτι
529 545 669 628 μάλιστα
696 547 757 629 τὴν
780 547 892 631 ψυχὴν
919 546 983 613 ἀπὸ
1011 553 1069 631 τῆς
1091 555 1155 612 τοῦ

138 649 288 733 σώματος
303 653 481 727 κοινωνίας
496 651 723 736 διαφερόντως
736 661 804 716 τῶν
819 653 929 718 ἀλλων
949 653 1152 737 ἀνθρώπων.

111 753 193 819 ὁκαὶ
217 756 312 820 δοκεῖ
335 755 376 838 χέ
395 777 461 821 πον
485 757 541 821 ὃιά
567 764 666 822 τοῦτο
694 769 764 835 τοῖς
786 763 923 836 πολλοῖς
945 744 1152 844 ἀνθρώποιςς

138 851 164 947 ᾧ
188 857 293 944 μηδὲν
315 860 381 944 ἡδὺ
403 872 471 927 τῶν
493 865 655 929 τοιούτων
678 861 763 948 μηδὲ
785 863 912 949 μετέχει
935 865 1061 947 αὐτῶν,
1090 864 1154 930 οὐκ

137 965 232 1043 ἀξιον
255 961 341 1032 εἶναι
365 971 437 1052 ζῆν,
468 967 539 1034 ἀλλ’
566 968 664 1053 ἐχχύς
693 993 725 1034 τι
752 973 874 1036 τείνειν
901 978 963 1036 τοῦ
990 971 1154 1036 τεθνάναι

138 1070 156 1136 ὁ
180 1068 285 1156 μηδὲν
309 1076 496 1157 φροντίζων
523 1085 591 1141 τῶν
618 1076 752 1158 ἡδονῶν
781 1079 819 1142 αἳ
840 1077 895 1142 διὰ
917 1084 979 1141 τοῦ
1002 1077 1154 1160 σώματός

138 1179 211 1244 εἰσι.
256 1177 311 1244 καὶ
343 1181 408 1264 μὴν
444 1184 523 1266 περί
555 1205 593 1265 χε
630 1181 734 1265 αὐτὴν
766 1183 828 1266 τὴν
863 1190 921 1266 τῆς
955 1184 1153 1267 φρονήσεως

98 1302 125 1341 10
137 1293 253 1369 κτῆσιν
276 1286 436 1369 ἐμπόδιον
458 1288 496 1350 τὸ
520 1297 624 1370 σῶμα,
649 1287 708 1352 ἐάν
730 1311 780 1365 τις
804 1288 884 1353 αὐτὸ
907 1287 944 1353 ἐν
962 1296 1002 1372 τῇ
1022 1290 1152 1372 ζητήσει
1166 1307 1207 1347 ιι

138 1392 304 1456 κοινωνὸν
337 1392 655 1478 συμπαραλαμβάνχ.
708 1385 781 1459 οἷον
812 1395 850 1459 τὸ
887 1395 1019 1459 τοιόνδε
1052 1392 1151 1476 λέγω·

138 1496 200 1561 ούκ
219 1498 285 1581 ἔχει
309 1495 472 1581 ἀλήθειάν
490 1521 565 1564 τινα
590 1501 665 1577 ὄψις
687 1522 723 1565 τε
745 1498 801 1565 καλ
820 1499 902 1584 ἀκοὴ
925 1511 995 1577 τοῖς
1018 1499 1152 1583 ἀνθρώ-

137 1623 226 1679 ποις·
248 1604 288 1668 τά
306 1604 370 1689 χάρ
389 1613 525 1669 τοιαῦτα
544 1605 580 1669 οί
600 1603 733 1690 ποιηταί
752 1603 802 1670 ἀεὶ
825 1605 906 1689 ἡμῖν
928 1611 1150 1692 θρυλλοῦσιν,

138 1710 189 1775 ὅτι
213 1711 289 1776 ούτε
312 1710 478 1795 ἀκούομεν
501 1709 634 1797 ἀκριβὲς
652 1709 753 1777 οὐδὲν
772 1713 849 1777 ούτε
868 1711 1005 1798 ὁρῶμεν.
1042 1715 1152 1779 καίτοι

99 1833 124 1875 15
139 1818 170 1881 εί
196 1811 294 1882 αὗται
320 1827 388 1882 τῶν
415 1815 490 1903 περὶ
517 1819 554 1882 τὸ
588 1828 681 1901 σῶμα
710 1818 901 1901 αἰσθήσεων
932 1819 976 1902 μὴ
1004 1817 1152 1904 ἀκριβεῖς

139 1924 204 1988 είσι
227 1920 310 2007 μηδὲ
333 1934 465 2008 σαφεῖς,
492 1929 593 2008 σχολῇ
617 1924 711 2008 αἵγε
735 1926 845 1990 ἀλλαι·
872 1933 975 1989 πᾶσαι
996 1924 1060 2010 χάρ
1084 1945 1151 1990 που

138 2031 267 2094 τούτων
290 2031 496 2114 φαυλότεραί
516 2031 610 2094 εἰσιν.
652 2030 777 2097 ούκοῦν
796 2030 864 2113 είὴ
884 2032 973 2115 ψυχὴ
996 2039 1054 2115 τῆς
1073 2029 1151 2115 ἀλη-
1165 2046 1215 2088 180

138 2138 235 2212 θείας
254 2134 484 2219 ἀποτνχχάνει,
508 2136 588 2200 ὅταν
607 2137 688 2220 μετὰ
705 2145 766 2200 τοῦ
785 2137 935 2221 σώματος
954 2135 1101 2222 ἐπιχειρῇ
1119 2161 1153 2202 τι

140 2250 275 2306 σκοπεῖν
306 2239 425 2327 (δῆλον
447 2242 511 2325 χάρ
539 2242 590 2307 ὅτι
616 2245 690 2308 τότε
718 2241 913 2321 ἐξαπατᾶται
935 2241 992 2308 ὑπ’
1019 2242 1150 2329 αὐτοῦ),

98 2368 125 2408 νο
138 2347 270 2426 πάντως
300 2370 367 2414 που
398 2347 435 2413 ἐν
467 2356 512 2436 τῷ
549 2352 755 2432 λοχίζεσθαι,
789 2356 879 2435 είπερ
914 2370 980 2414 πον
1016 2350 1149 2432 ἀλλοθι,

138 2456 325 2538 κατάδηλον
348 2455 431 2539 αὐτῇ
454 2458 605 2539 γίγνεταί
624 2478 656 2519 τι
678 2466 745 2520 τῶν
769 2456 886 2519 ὄντων.
928 2457 1092 2539 λογίζεται
1113 2455 1152 2521 δέ

138 2561 178 2643 γε’
193 2582 259 2626 που
277 2563 351 2625 τότε
368 2561 536 2642 κάλλιστα,
556 2561 636 2625 ὅταν
651 2560 756 2644 αὐτὴν
774 2561 902 2625 τούτων
921 2557 1026 2644 μηδὲν
1044 2582 1150 2647 παρα-

138 2670 240 2749 λνπῇ,
269 2667 349 2748 μήτε
376 2663 458 2748 ἀκοὴ
486 2668 566 2749 μήτε
593 2667 670 2742 ὄψις
698 2668 777 2750 μήτε
805 2665 959 2749 ἀλγηδὼν
988 2665 1075 2750 μιχὸἐ
1099 2692 1149 2745 τις

137 2772 258 2856 ἡδονή,
292 2766 363 2836 ἀλλ’
394 2771 446 2836 ὅτι
473 2771 614 2855 μάλιστα
644 2770 725 2856 αὐτὴ
753 2765 832 2836 καθ’
859 2770 964 2855 αὐτὴν
994 2775 1149 2858 γίγνηται

98 2897 124 2938 ιο
138 2877 225 2944 ἐῶσα
244 2881 372 2964 χαίρειν
389 2879 427 2943 τὸ
447 2889 550 2963 σῶμα,
569 2876 625 2944 καὶ
643 2880 793 2943 καθόσον
808 2878 948 2962 δύνηται
966 2880 1010 2964 μὴ
1029 2903 1148 2945 κοινω-

137 2994 245 3050 νοῦσα
267 2986 356 3072 αύτῷ
376 2981 460 3069 μηδὲ
482 2983 647 3069 ἁπτομένη
671 2982 826 3070 ὀρέγηται
848 2993 909 3050 τοῦ
928 2986 1033 3062 ὄντος.
1071 2986 1148 3052 οὐκ·

138 3100 201 3158 οῦν
236 3089 291 3157 καὶ
327 3090 476 3157 ἐνταῦθα
512 3091 533 3174 ἡ
565 3099 625 3156 τοῦ
661 3094 852 3176 φιλοσόφον
886 3093 975 3175 ψυχὴ
1007 3092 1149 3176 μάλιστα

138 3198 282 3284 ἀτιμάζει
304 3199 342 3262 τὸ
366 3207 458 3282 σῶμα
476 3195 532 3261 καὶ
555 3199 671 3282 φεύγει
689 3192 744 3262 ἀπ’
766 3197 880 3280 αὐτοῦ,
904 3201 993 3281 ζητεῖ
1010 3195 1047 3263 δὲ
1067 3198 1150 3282 aim}

136 3305 215 3372 καθ’
243 3305 348 3393 αὐτὴν
370 3307 556 3389 γίγνεσθαι.

214 3539 254 3587 22
269 3554 329 3588 πον
347 3534 413 3590 τότε
431 3531 493 3589 PK:
513 3537 571 3589 ποῦ
591 3532 651 3603 (sic)
671 3551 738 3588 ποτε
751 3535 811 3603 W)
830 3529 949 3586 δύναται
965 3530 998 3584 Ρ,
