2430 3848
334 162 609 219 PROTREPTICUS
629 165 662 233 (ο.
679 163 750 218 VIII.
766 163 824 233 IX).
1044 165 1087 229 49

163 325 219 391 ΙΧ.
256 323 411 390 ’Ἀνωθεν
440 321 477 390 δὲ
505 325 683 410 ἀρχόμενοι
707 325 770 391 άιιὸ
794 335 854 392 τοῦ
876 335 932 410 τῆς
956 327 1088 409 φύσεως

72 434 284 517 βουλήματος
316 430 369 496 έτιλ
401 432 463 515 τὴν
496 431 601 515 αὐτὴν
628 434 821 517 προτροπὴν
848 441 1087 518 προχωροῦμεν

73 539 207 605 οὑτωσί.
243 547 310 602 τῶν
327 536 515 623 γινομένων
532 538 573 602 τά
592 534 653 623 μὲν
672 537 736 603 ἀπό
754 561 845 615 τινος
864 539 1015 617 διανοίας
1032 539 1087 605 καὶ

73 643 191 730 τέχνης
213 646 350 728 γίνεται,
375 636 449 709 οίον
468 645 555 709 οίκία
573 641 629 709 καὶ
647 648 766 709 πλοῖον
790 642 1004 731 (ἀμφοτέρων
1022 649 1086 732 γάρ

73 753 202 817 τούτων
226 752 314 816 αίτία
341 749 438 836 τέχνη
465 753 515 827 τίς
537 750 606 816 έστι
628 749 683 816 καὶ
708 749 871 838 διάνοια),
899 753 939 816 τά
966 748 1003 817 δὲ
1032 753 1114 818 διολτ

73 856 189 941 τέχνης
212 853 273 942 μὲν
297 857 467 941 οὐδεμιᾶς,
492 856 575 922 ἀλλὰ
598 858 654 922 διὰ
676 858 794 942 φύσιν·
826 853 918 946 ζῴων
945 859 1009 945 γὰρ
1032 857 1087 924 καὶ

74 974 191 1047 φυτῶν
215 965 303 1029 αίτία
327 965 438 1048 φύσις,
462 962 621 1029 καὶκατὰ
644 965 750 1047 φύσιν
768 967 894 1047 γίνεται
916 965 1024 1030 πάντα
1046 967 1087 1030 τδι

74 1078 218 1135 τοιαῦτα.
266 1069 349 1136 άλλδι
376 1071 443 1154 μὴν
471 1070 526 1135 καί
554 1072 610 1135 διδι
637 1070 741 1154 τύχην
770 1072 842 1135 ένια
869 1073 997 1154 γίνεται
1019 1082 1087 1137 τῶν

28 1177 289 1261 ιακραγμάτοιν·
314 1177 375 1242 ὅσα
395 1179 459 1262 γὰρ
479 1180 559 1261 μήτε
583 1178 639 1241 διὰ
661 1175 781 1261 τέχνην
799 1178 879 1261 μήτε
903 1177 958 1241 διδ
981 1177 1087 1260 φύσιν

75 1280 147 1366 μηδ
171 1282 204 1361 έξ
228 1283 372 1367 ἀνάγκης
393 1286 554 1366 γίγνεται,
577 1285 617 1348 τδι
639 1285 745 1349 πολλὰ
767 1283 895 1349 τούτων
914 1284 970 1348 διδι
983 1283 1087 1368 τύχην
1101 1303 1127 1343 ιο

74 1392 234 1471 γίνεσθαί
254 1413 372 1474 φαμεν.
414 1400 481 1454 τῶν
499 1386 561 1474 μὲν
581 1384 643 1455 οὖν
667 1389 730 1455 ἀπὸ
754 1390 854 1475 τύχης
876 1388 1086 1475 γιγνομένων

28 1511 62 1558 ΞΔ.
76 1491 176 1560 οὐδὲν
199 1495 296 1561 ἕνεκά
318 1519 379 1561 του
401 1499 567 1579 γίγνεται,
596 1490 670 1560 οὐδ’
696 1498 766 1561 ἔστι
788 1519 820 1560 τι
842 1494 936 1573 τέλος
959 1496 1085 1574 αὐτοῖς·

74 1613 143 1680 τοῖς
171 1601 208 1667 δὲ
236 1601 300 1667 άκὸ
327 1602 443 1687 τέχνης
470 1600 681 1686 γιγνομένοις
708 1605 816 1667 ἔνεστι
845 1601 900 1668 καὶ
927 1604 965 1668 τὸ
993 1602 1087 1680 τέλος

74 1706 127 1774 καὶ
160 1711 197 1774 τὸ
231 1702 272 1773 οὗ
303 1706 400 1773 ἕνεκα
429 1704 494 1794 (ἀεὶ
521 1709 585 1793 γάρ
614 1706 631 1772 ὁ
659 1707 720 1790 τὴν
748 1704 867 1792 τέχνην
895 1710 980 1793 έχων
1005 1709 1086 1775 άτιο-

75 1816 175 1881 δώσει
203 1831 257 1880 σοι
289 1815 390 1897 λόγον
423 1807 467 1878 δι’
501 1812 541 1878 δν
569 1814 692 1899 ἔγραψε
718 1809 773 1877 καὶ
800 1807 842 1877 οὗ
870 1811 996 1900 ἕνεκα),
1029 1813 1084 1879 καὶ
1100 1831 1126 1873 ιι

74 1930 170 1986 τοῦτο
196 1921 274 2002 [ὅτι]
298 1917 429 2004 βέλτιόν
452 1918 542 1984 ἐστιν
571 1917 592 2001 ἣ
615 1920 652 1983 τὸ
677 1920 732 1983 διδι
753 1927 852 1984 τοῦτο
875 1922 1084 2004 γιγνόμενον.

74 2024 157 2111 λέγω
182 2023 213 2090 δ’
240 2027 329 2092 ὅσων
352 2023 431 2091 καθ’
458 2026 562 2110 αὐτὴν
585 2026 606 2110 ἡ
629 2023 725 2110 τέχνη
749 2024 897 2110 πέφυκεν
920 2027 1007 2092 αίτία
1030 2024 1085 2091 καὶ

74 2134 116 2217 μὴ
140 2134 222 2198 κατὰ
246 2133 466 2216 συμβεβηκός·
489 2132 603 2216 ὑγείας
625 2128 687 2216 μὲν
704 2132 769 2217 γάρ
789 2132 939 2219 ἰατρικὴν
958 2137 1085 2216 μᾶλλον

73 2239 92 2323 ἢ
120 2242 225 2305 νόσου
254 2242 377 2325 κυρίως
404 2237 447 2304 δν
473 2240 629 2323 θείημεν,
660 2239 876 2322 οἰκοδομικὴν
903 2234 940 2303 δὲ
968 2240 1083 2323 οίκίας,

74 2343 145 2411 ἀλλ’
169 2345 210 2411 οὐ
229 2354 290 2410 τοῦ
307 2345 534 2429 καταβάλλειν.
575 2353 642 2410 πᾶν
661 2345 725 2429 άρα
744 2342 840 2408 ἕνεκά
858 2366 918 2408 του
936 2345 1085 2426 γίγνεται
1098 2363 1125 2404 ιο

73 2453 109 2517 τὸ
132 2454 215 2517 κατὰ
237 2452 372 2537 τέχνην,
399 2448 576 2517 καὶτοῦτο
600 2448 693 2527 τέλος
716 2448 817 2533 αὐτῆς
839 2450 876 2514 τὸ
900 2447 1083 2532 βέλτιστον,

73 2560 108 2623 τὸ
132 2556 246 2642 μέντοι
270 2559 326 2623 διδι
352 2559 456 2643 τύχην
485 2558 527 2622 οὐ
553 2558 679 2641 γίνεται
709 2555 804 2622 ἕνεκά
831 2575 905 2621 του·
938 2558 1083 2640 συμβαίη

73 2661 133 2748 μὲν
155 2666 219 2751 γὰρ
244 2663 285 2730 άν
312 2663 367 2730 καὶ
395 2663 458 2729 άπὸ
486 2664 587 2749 τύχης
612 2687 645 2727 τι
673 2663 818 2747 ἀγαθόν,
848 2662 889 2727 ού
911 2663 978 2747 μὴν
1002 2661 1085 2727 ἀλλὰ

73 2770 153 2834 κατά
176 2794 214 2853 γε
237 2772 298 2854 τὴν
320 2771 425 2856 τύχην
453 2767 508 2835 καὶ
531 2772 682 2835 καθόσον
705 2768 769 2835 ἀπὸ
798 2769 899 2853 τύχης
922 2768 984 2832 οὐκ
1006 2767 1085 2851 ἀγα-

73 2878 155 2960 θάν,
180 2877 337 2963 ἀόριστον
361 2873 393 2941 δ’
422 2872 472 2941 ἀεὶ
496 2876 532 2940 τὸ
556 2877 756 2960 γιγνόμενόν
779 2873 848 2938 έστι
872 2865 943 2937 κατ’
970 2872 1084 2956 αὐτην.
1098 2892 1126 2933 ιε

74 2981 155 3048 άλλδι
185 2983 252 3068 μὴν
275 2985 313 3047 τό
335 3005 373 3066 γε
396 2984 478 3047 κατδι
501 2982 605 3065 φύσιν
629 2980 725 3045 ἕνεκά
752 3002 812 3044 τον
839 2981 1002 3063 γίγνεται,
1030 2978 1085 3045 καὶ

28 3103 61 3144 ³11·
74 3090 244 3170 βελτίονος
276 3089 387 3154 ἕνεκεν
420 3085 469 3153 ἀεὶ
503 3089 696 3154 συνίσταται
727 3085 748 3170 ἢ
776 3085 926 3170 καθάπερ
959 3088 995 3151 τὸ
1029 3088 1085 3151 διὰ

74 3193 200 3280 τέχνης·
233 3206 378 3280 μιμεῖται
409 3196 472 3281 γάρ
505 3195 546 3260 οὐ
578 3195 639 3278 τὴν
671 3191 791 3279 τέχνην
819 3193 839 3276 ἡ
868 3193 969 3276 φύσις
1002 3191 1084 3258 άλλδι

162 3463 195 3513 16
216 3453 258 3512 ὅτι
277 3456 368 3514 delevi
380 3459 391 3528 λλ
405 3455 436 3513 τὸ
456 3452 534 3532 <ού>
548 3453 597 3514 διὰ
612 3454 780 3530 scripum,
796 3454 852 3525 καὶ
866 3455 899 3508 ετ
916 3452 997 3506 τοοκ.
1008 3449 1045 3502 το
1064 3443 1099 3498 εἰ

76 3521 120 3595 ⁰⁹52·
135 3534 167 3583 ελ
183 3528 216 3582 οιῖ
235 3546 270 3584 ex
284 3547 326 3599 gr.
344 3548 372 3600 p.
388 3535 432 3601 43,
449 3535 484 3588 15
496 3548 539 3602 sq.
561 3537 608 3609 οἱ,
623 3537 659 3590 16
669 3549 734 3602 sqq.

108 3624 394 3672 lmmom’uomm,
963 3614 982 3658 δέ
