2430 3848
382 184 652 241 PROTREPTICUS
673 189 706 256 (ο.
722 187 806 258 ΧΙΧ).
1057 188 1097 251 91

81 347 186 434 (ἀλλην
211 348 274 433 γάρ
299 342 315 412 δ
339 357 490 424 τοιοῦτος
516 354 654 414 πλουτεῖ
678 347 733 414 καὶ
757 347 831 432 οὐχὶ
860 347 995 438 ἑαυτῷ),
1024 351 1099 415 οὐτε

81 452 236 535 σώματος
266 454 387 530 κάλλος
418 453 470 518 καλ
511 456 604 538 ἰσχὺς
642 456 740 542 δειλῷ
772 452 828 519 καὶ
864 463 953 543 κακῷ
992 455 1099 533 ξυνοι-

80 568 207 625 κοῦντα
229 559 398 644 πρέποντα
421 562 575 644 φαίνεται
599 554 670 626 ἀλλ’
697 561 841 647 ἀπρεπή,
864 559 920 626 καὶ
943 560 1099 646 ἐπιφανέ-

80 681 202 751 στερον
233 676 323 731 ποιεί
352 666 412 730 τὸν
443 668 560 750 ἔχοντα
591 664 647 730 καὶ
679 665 829 750 ἐκφαίνει
861 667 922 749 τήν
958 667 1098 733 δειλίαν·

79 772 170 836 πάσά
202 794 237 836 τε
270 770 430 856 ἐπιστήμη
466 769 669 856 χωριζομένη
704 772 919 855 δικαιοσύνης
954 771 1010 837 καὶ
1041 783 1125 857 τήςι

80 879 184 959 ἀλλης
197 877 314 962 ἀρετής
332 880 530 963 πανουργία,
551 878 592 943 οὐ
612 880 715 962 σοφία
734 883 897 962 φαίνεται.
935 874 983 944 ὧν
1002 879 1098 945 ἕνεκα

80 995 214 1068 πρῶτον
248 981 303 1048 καὶ
329 984 473 1048 ύστατον
504 982 558 1049 καὶ
588 985 643 1048 διά
670 986 794 1060 παντὸς
825 994 935 1050 πᾶσαν
967 987 1099 1064 πάντως

79 1093 278 1173 προθυμίαν
309 1097 490 1175 πειρᾶσθαι
523 1092 576 1155 δεῖ
605 1092 708 1174 ἐχειν,
745 1092 833 1166 ὅπως
864 1092 1005 1174 μάλιστα
1036 1090 1097 1176 μέν

79 1195 318 1279 ὑπερβαλεϊταί
346 1219 395 1273 τις
431 1200 510 1273 τοὺς
546 1199 698 1281 πρόσθεν
730 1199 918 1281 προγόνους
953 1197 1097 1284 εὐκλείᾳ·

10 1320 66 1361 ιιι.
82 1303 112 1365 εί
135 1297 171 1365 δέ
195 1304 250 1386 μή,
275 1302 364 1378 ὅπως
390 1304 436 1378 είς
460 1308 535 1367 ίσον
559 1302 672 1379 αὐτοῖς
698 1305 884 1388 καταστήσῃ
908 1304 970 1387 τήν
994 1304 1097 1369 αὑτοῦ
1113 1327 1139 1365 10

78 1407 348 1491 καλοκάγαθίαν·
371 1408 391 1491 ἡ
411 1403 473 1491 μὲν
491 1410 554 1493 γάρ
574 1408 611 1474 ἐν
629 1411 761 1485 τούτοις
779 1412 855 1491 νίκη
874 1411 973 1493 τιμήν
991 1409 1097 1497 φέρει,

78 1513 99 1596 ή
124 1510 161 1578 δέ
184 1509 274 1597 ήττα,
299 1514 358 1579 ἐάν
380 1513 518 1597 ήττάταί
538 1537 604 1597 τις,
628 1516 801 1599 αἰσχύνην.
843 1516 983 1598 μάλιστα
1003 1511 1033 1581 δ’
1056 1517 1107 1582 ἀν·

10 1639 64 1680 sen
78 1619 227 1703 νικήσειί
255 1644 305 1697 τις
337 1619 374 1685 ἐν
400 1622 547 1702 τούτοις,
582 1622 614 1684 εί
638 1621 926 1705 παρασκευασαιτο
957 1630 997 1705 τή
1029 1635 1097 1688 τῶν

78 1729 256 1810 προγόνων
294 1725 373 1811 δόξη
412 1728 455 1810 μή
492 1729 766 1811 καταχρήσασθαι
805 1722 888 1809 μηδὲ
927 1725 1097 1793 ἀναλῶσαι

79 1832 184 1916 αὐτήν
207 1834 324 1917 μάτην,
349 1837 456 1909 καλῶς
475 1834 572 1909 εἰδὼς
595 1833 646 1898 ότι
669 1828 768 1917 ἀνδρὶ
793 1831 936 1919 οίομένφ
960 1855 991 1896 τι
1011 1828 1096 1898 εἶναι
1111 1856 1136 1894 15

80 1939 140 2004 οὐκ
168 1941 260 2004 ἐστιν
288 1945 420 2023 αίσχιον
447 1938 468 2023 ή
495 1937 651 2025 παρέχειν
684 1937 803 2004 ἑαυτὸν
836 1939 1024 2022 τιμώμενον
1052 1942 1095 2024 μή

80 2043 123 2108 δι’
150 2043 280 2128 ἑαυτόν,
305 2045 389 2110 ἀλλά
413 2047 468 2110 διά
492 2045 594 2124 δόξαν
616 2048 801 2132 προγόνων.
845 2040 930 2110 εἶναι
952 2042 1013 2129 μὲν
1032 2048 1096 2131 γάρ

78 2153 173 2234 τιμὰς
204 2151 332 2235 γονέων
366 2151 516 2235 ἐκγόνοις
545 2154 645 2229 καλὸς
671 2153 845 2238 θησαυρὸς
871 2150 927 2216 καὶ
958 2159 1097 2236 μεγαλο-

78 2260 218 2343 πρεπής·
236 2265 382 2342 χρῆσθαι
402 2255 439 2323 δὲ
458 2255 512 2323 καὶ
531 2259 708 2343 χρημάτων
726 2256 781 2323 καὶ
800 2268 904 2343 τιμῶν
921 2266 1094 2347 θησαυρῷ,

78 2362 133 2427 καὶ
158 2365 201 2448 μή
226 2375 295 2441 τοῖς
318 2364 468 2449 ἐκγόνοις
490 2365 724 2447 παραδιδόναι,
751 2365 890 2448 αίσχρὸν
913 2362 969 2428 καὶ
993 2366 1094 2430 ἀναν·
1109 2386 1135 2424 20

80 2472 174 2555 δρον,
199 2470 321 2558 ἀπορίᾳ
346 2473 443 2536 ίδίων
465 2472 568 2536 αὑτοῦ
591 2470 764 2553 κτημάτων
787 2493 822 2534 τε
845 2467 900 2534 καὶ
924 2468 1094 2546 εὐδοξιῶν.

79 2574 137 2660 ἀφ’
165 2575 292 2641 ἑαυτῶν
324 2579 387 2662 γὰρ
416 2578 578 2661 ἀρχεσθαι
611 2578 664 2641 δεῖ
693 2576 828 2641 τιάντων
860 2585 928 2640 τῶν
956 2576 1095 2660 ἀγαθῶν

78 2680 134 2747 καὶ
174 2693 242 2747 τῶν
279 2685 325 2760 είς
367 2683 519 2748 εὐκλειαν
555 2681 610 2749 καὶ
652 2683 871 2768 εὐδαιμονίαν
913 2686 1094 2767 φερόντων.

78 2788 180 2854 πάλαι
201 2790 264 2874 γάρ
285 2790 325 2872 δή
345 2791 382 2854 τὸ
401 2786 540 2872 Μηδὲν
560 2790 660 2872 ἀγαν
679 2792 860 2872 λεγόμενον
878 2795 985 2865 καλῶς
1005 2791 1099 2853 δοκεῖ

79 2895 252 2978 λέγεσθαι·
284 2903 329 2983 τῶ
361 2897 425 2981 γάρ
454 2897 527 2960 όντι
554 2890 592 2960 εὐ
620 2892 756 2975 λέγεται.
804 2895 867 2981 ὅτφ
901 2895 965 2977 γάρ
996 2893 1095 2979 ἀνδρὶ
1110 2914 1135 2953 ει

79 3003 125 3078 είς
164 2999 285 3066 ἑαυτὸν
322 2999 502 3086 ἀνήρτηται
539 3003 646 3066 πάντα
682 3001 722 3065 τὰ
758 3000 840 3084 πρὸς
878 2999 1095 3085 εὐδαιμονίαν

169 3218 212 3266 24.
232 3230 259 3281 p.
275 3216 316 3279 92,
332 3215 366 3264 10
384 3209 457 3264 plat.
476 3210 583 3264 Menex.
603 3228 630 3280 p.
646 3209 821 3265 247E-248
833 3211 861 3262 B.

169 3410 185 3458 2
205 3406 283 3472 κακῷ
303 3404 362 3458 PA:
382 3405 457 3459 καλῶ
472 3407 510 3474 ήῖ
531 3399 686 3466 διαπαντὸς
700 3407 709 3473 ΙΙ
725 3410 757 3458 15
776 3405 805 3457 τί
816 3406 825 3473 ΙΙ
841 3409 873 3457 18
892 3401 973 3472 τιμὰς
988 3403 1094 3472 γονέων

78 3472 209 3544 ἐκγόνοις
227 3475 288 3530 PK:
310 3470 386 3545 ἡμᾶς
408 3476 516 3544 γονέων
541 3471 676 3546 ἐγγόνους
691 3475 706 3547 ή
719 3480 759 3531 Ἃ
776 3469 887 3546 ἀπορίη
907 3472 991 3527 mm>
1016 3471 1110 3523 ἀυτῶ)

76 3547 139 3599 PK:
156 3541 265 3613 ἀπορεῖ
275 3543 308 3600 δὲ
327 3543 426 3603 αὐτού.
