<?xml version="1.0" encoding="UTF-8"?>
<!DOCTYPE html PUBLIC "-//W3C//DTD XHTML 1.0 Transitional//EN"
    "http://www.w3.org/TR/xhtml1/DTD/xhtml1-transitional.dtd">
<html xmlns="http://www.w3.org/1999/xhtml" xml:lang="en" lang="en">
 <head>
  <title>
</title>
<meta http-equiv="Content-Type" content="text/html;charset=utf-8" />
  <meta name='ocr-system' content='tesseract 3.04.00' />
  <meta name='ocr-capabilities' content='ocr_page ocr_carea ocr_par ocr_line ocrx_word'/>
</head>
<body>
  <div class='ocr_page' id='page_1' title='image "./iamblichiprotre00jambgoog_0134.png"; bbox 0 0 2430 3848; ppageno 0'>
   <div class='ocr_carea' id='block_1_1' title="bbox 376 121 1099 232">
    <p class='ocr_par' dir='ltr' id='par_1_1' title="bbox 376 121 1099 232">
     <span class='ocr_line' id='line_1_1' title="bbox 376 121 1099 232; baseline 0.018 -17"><span class='ocrx_word' id='word_1_1' title='bbox 376 159 651 216; x_wconf 75' lang='grc' dir='ltr'><strong><em>Ροονιωενιυοο</em></strong></span> <span class='ocrx_word' id='word_1_2' title='bbox 670 164 704 231; x_wconf 74' lang='grc' dir='ltr'><strong><em>(ι.</em></strong></span> <span class='ocrx_word' id='word_1_3' title='bbox 719 121 805 232; x_wconf 72' lang='lat' dir='ltr'><strong><em>m).</em></strong></span> <span class='ocrx_word' id='word_1_4' title='bbox 1035 163 1099 228; x_wconf 83' lang='lat'><strong><em>115</em></strong></span> 
     </span>
    </p>
   </div>
   <div class='ocr_carea' id='block_1_2' title="bbox 10 319 1172 3397">
    <p class='ocr_par' dir='ltr' id='par_1_2' title="bbox 10 319 1172 3394">
     <span class='ocr_line' id='line_1_2' title="bbox 11 319 1099 412; baseline 0.002 -24"><span class='ocrx_word' id='word_1_5' title='bbox 11 329 132 412; x_wconf 74' lang='grc' dir='ltr'><strong><em>ωτιμὴ</em></strong></span> <span class='ocrx_word' id='word_1_6' title='bbox 157 324 412 412; x_wconf 78' lang='grc' dir='ltr'><strong><em>ἐπιστρέφου·</em></strong></span> <span class='ocrx_word' id='word_1_7' title='bbox 440 319 614 408; x_wconf 78' lang='grc' dir='ltr'><em>Ἐρινύες</em></span> <span class='ocrx_word' id='word_1_8' title='bbox 636 324 709 408; x_wconf 85' lang='grc' dir='ltr'><strong><em>γὰρ</em></strong></span> <span class='ocrx_word' id='word_1_9' title='bbox 735 323 998 409; x_wconf 78' lang='grc' dir='ltr'><strong><em>μετέρχονται.</em></strong></span> <span class='ocrx_word' id='word_1_10' title='bbox 1044 324 1099 390; x_wconf 82' lang='grc' dir='ltr'><strong><em>καὶ</em></strong></span> 
     </span>
     <span class='ocr_line' id='line_1_3' title="bbox 82 428 1100 519; baseline -0.002 -21"><span class='ocrx_word' id='word_1_11' title='bbox 82 435 146 519; x_wconf 86' lang='grc' dir='ltr'><strong><em>γὰρ</em></strong></span> <span class='ocrx_word' id='word_1_12' title='bbox 178 441 277 498; x_wconf 83' lang='grc' dir='ltr'><strong><em>τοῦτο</em></strong></span> <span class='ocrx_word' id='word_1_13' title='bbox 312 433 358 508; x_wconf 86' lang='grc' dir='ltr'><strong><em>είς</em></strong></span> <span class='ocrx_word' id='word_1_14' title='bbox 391 432 597 514; x_wconf 81' lang='grc' dir='ltr'><em>φιλοσοφίαν</em></span> <span class='ocrx_word' id='word_1_15' title='bbox 630 428 806 516; x_wconf 76' lang='grc' dir='ltr'><strong><em>προτρέπει</em></strong></span> <span class='ocrx_word' id='word_1_16' title='bbox 838 428 893 495; x_wconf 80' lang='grc' dir='ltr'><strong><em>καὶ</em></strong></span> <span class='ocrx_word' id='word_1_17' title='bbox 924 433 985 515; x_wconf 81' lang='grc' dir='ltr'><strong><em>τὴν</em></strong></span> <span class='ocrx_word' id='word_1_18' title='bbox 1017 432 1100 497; x_wconf 78' lang='grc' dir='ltr'><strong><em>κατὰ</em></strong></span> 
     </span>
     <span class='ocr_line' id='line_1_4' title="bbox 81 534 1099 623; baseline -0.004 -14"><span class='ocrx_word' id='word_1_19' title='bbox 81 551 167 609; x_wconf 84' lang='grc' dir='ltr'><strong><em>νοῦν</em></strong></span> <span class='ocrx_word' id='word_1_20' title='bbox 186 539 425 623; x_wconf 83' lang='grc' dir='ltr'><strong><em>αὐτοπραγίαν.</em></strong></span> <span class='ocrx_word' id='word_1_21' title='bbox 459 537 558 620; x_wconf 77' lang='grc' dir='ltr'><strong><em>δηλοῖ</em></strong></span> <span class='ocrx_word' id='word_1_22' title='bbox 572 559 608 602; x_wconf 93' lang='grc' dir='ltr'><strong><em>τε</em></strong></span> <span class='ocrx_word' id='word_1_23' title='bbox 626 535 681 601; x_wconf 86' lang='grc' dir='ltr'><strong><em>καλ</em></strong></span> <span class='ocrx_word' id='word_1_24' title='bbox 699 534 854 619; x_wconf 79' lang='grc' dir='ltr'><strong><em>προλέγει</em></strong></span> <span class='ocrx_word' id='word_1_25' title='bbox 871 537 909 600; x_wconf 87' lang='grc' dir='ltr'><strong><em>τὸ</em></strong></span> <span class='ocrx_word' id='word_1_26' title='bbox 928 538 1099 621; x_wconf 86' lang='grc' dir='ltr'><strong><em>σύμβολον</em></strong></span> 
     </span>
     <span class='ocr_line' id='line_1_5' title="bbox 82 641 1100 730; baseline -0.006 -14"><span class='ocrx_word' id='word_1_27' title='bbox 82 649 231 730; x_wconf 79' lang='grc' dir='ltr'><strong><em>ἐναργῶς</em></strong></span> <span class='ocrx_word' id='word_1_28' title='bbox 253 645 305 709; x_wconf 83' lang='grc' dir='ltr'><strong><em>ότι</em></strong></span> <span class='ocrx_word' id='word_1_29' title='bbox 328 648 529 728; x_wconf 77' lang='grc' dir='ltr'><strong><em>φιλοσοφεῖν</em></strong></span> <span class='ocrx_word' id='word_1_30' title='bbox 553 641 811 727; x_wconf 77' lang='grc' dir='ltr'><strong><em>ἐπιβαλλόμενος</em></strong></span> <span class='ocrx_word' id='word_1_31' title='bbox 835 643 951 730; x_wconf 82' lang='grc' dir='ltr'><strong><em>χώριζε</em></strong></span> <span class='ocrx_word' id='word_1_32' title='bbox 975 646 1100 710; x_wconf 90' lang='grc' dir='ltr'><strong><em>σαυτὸν</em></strong></span> 
     </span>
     <span class='ocr_line' id='line_1_6' title="bbox 10 732 1126 835; baseline -0.004 -13"><span class='ocrx_word' id='word_1_33' title='bbox 10 757 218 822; x_wconf 63' lang='grc' dir='ltr'><strong><em>144Απάντων</em></strong></span> <span class='ocrx_word' id='word_1_34' title='bbox 241 761 437 835; x_wconf 83' lang='grc' dir='ltr'><strong><em>σωματικῶν</em></strong></span> <span class='ocrx_word' id='word_1_35' title='bbox 459 747 515 814; x_wconf 83' lang='grc' dir='ltr'><strong><em>καὶ</em></strong></span> <span class='ocrx_word' id='word_1_36' title='bbox 539 732 721 833; x_wconf 80' lang='grc' dir='ltr'><strong><em>αἰσθητῶν,</em></strong></span> <span class='ocrx_word' id='word_1_37' title='bbox 744 747 800 815; x_wconf 85' lang='grc' dir='ltr'><strong><em>καλ</em></strong></span> <span class='ocrx_word' id='word_1_38' title='bbox 819 751 924 827; x_wconf 86' lang='grc' dir='ltr'><strong><em>όντως</em></strong></span> <span class='ocrx_word' id='word_1_39' title='bbox 947 750 1126 817; x_wconf 71' lang='grc' dir='ltr'><strong><em>θανάτουῠ</em></strong></span> 
     </span>
     <span class='ocr_line' id='line_1_7' title="bbox 82 852 1172 948; baseline -0.005 -20"><span class='ocrx_word' id='word_1_40' title='bbox 82 860 221 948; x_wconf 82' lang='grc' dir='ltr'><strong><em>μελέτην</em></strong></span> <span class='ocrx_word' id='word_1_41' title='bbox 253 865 353 922; x_wconf 85' lang='grc' dir='ltr'><strong><em>ποιοῦ</em></strong></span> <span class='ocrx_word' id='word_1_42' title='bbox 381 852 434 923; x_wconf 81' lang='grc' dir='ltr'><strong><em>ἐπὶ</em></strong></span> <span class='ocrx_word' id='word_1_43' title='bbox 460 856 501 921; x_wconf 82' lang='grc' dir='ltr'><strong><em>τὰ</em></strong></span> <span class='ocrx_word' id='word_1_44' title='bbox 527 857 632 940; x_wconf 83' lang='grc' dir='ltr'><strong><em>νοητὰ</em></strong></span> <span class='ocrx_word' id='word_1_45' title='bbox 659 853 713 920; x_wconf 88' lang='grc' dir='ltr'><strong><em>καλ</em></strong></span> <span class='ocrx_word' id='word_1_46' title='bbox 741 858 827 922; x_wconf 90' lang='grc' dir='ltr'><strong><em>ἀυλα</em></strong></span> <span class='ocrx_word' id='word_1_47' title='bbox 854 853 909 921; x_wconf 81' lang='grc' dir='ltr'><strong><em>καὶ</em></strong></span> <span class='ocrx_word' id='word_1_48' title='bbox 939 853 991 922; x_wconf 81' lang='grc' dir='ltr'><strong><em>ἀεὶ</em></strong></span> <span class='ocrx_word' id='word_1_49' title='bbox 1018 859 1100 924; x_wconf 80' lang='grc' dir='ltr'><strong><em>κατὰ</em></strong></span> <span class='ocrx_word' id='word_1_50' title='bbox 1167 874 1172 883; x_wconf 89' lang='grc'>·</span> 
     </span>
     <span class='ocr_line' id='line_1_8' title="bbox 81 961 1099 1051; baseline -0.003 -18"><span class='ocrx_word' id='word_1_51' title='bbox 81 969 185 1034; x_wconf 80' lang='grc' dir='ltr'><strong><em>ταύτὰ</em></strong></span> <span class='ocrx_word' id='word_1_52' title='bbox 203 967 258 1033; x_wconf 84' lang='grc' dir='ltr'><strong><em>καλ</em></strong></span> <span class='ocrx_word' id='word_1_53' title='bbox 275 968 432 1044; x_wconf 79' lang='grc' dir='ltr'><strong><em>ὡσαύτως</em></strong></span> <span class='ocrx_word' id='word_1_54' title='bbox 445 968 563 1051; x_wconf 83' lang='grc' dir='ltr'><strong><em>ἔχοντα</em></strong></span> <span class='ocrx_word' id='word_1_55' title='bbox 578 961 814 1050; x_wconf 81' lang='grc' dir='ltr'><strong><em>ἀμεταστρεπτὶ</em></strong></span> <span class='ocrx_word' id='word_1_56' title='bbox 828 976 946 1051; x_wconf 81' lang='grc' dir='ltr'><strong><em>χωρῶν</em></strong></span> <span class='ocrx_word' id='word_1_57' title='bbox 962 966 1017 1030; x_wconf 75' lang='grc' dir='ltr'><strong><em>διὰ</em></strong></span> <span class='ocrx_word' id='word_1_58' title='bbox 1031 976 1099 1030; x_wconf 83' lang='grc' dir='ltr'><strong><em>τῶν</em></strong></span> 
     </span>
     <span class='ocr_line' id='line_1_9' title="bbox 81 1068 1098 1161; baseline -0.004 -22"><span class='ocrx_word' id='word_1_59' title='bbox 81 1076 321 1161; x_wconf 83' lang='grc' dir='ltr'><strong><em>προσηκόντων</em></strong></span> <span class='ocrx_word' id='word_1_60' title='bbox 352 1073 567 1158; x_wconf 78' lang='grc' dir='ltr'><strong><em>μαθημάτων.</em></strong></span> <span class='ocrx_word' id='word_1_61' title='bbox 619 1071 787 1156; x_wconf 79' lang='grc' dir='ltr'><strong><em>ἀποδημία</em></strong></span> <span class='ocrx_word' id='word_1_62' title='bbox 819 1068 880 1155; x_wconf 72' lang='grc' dir='ltr'><strong><em>μὲν</em></strong></span> <span class='ocrx_word' id='word_1_63' title='bbox 907 1073 971 1157; x_wconf 83' lang='grc' dir='ltr'><strong><em>γὰρ</em></strong></span> <span class='ocrx_word' id='word_1_64' title='bbox 1004 1073 1098 1156; x_wconf 88' lang='grc' dir='ltr'><strong><em>μετά-</em></strong></span> 
     </span>
     <span class='ocr_line' id='line_1_10' title="bbox 81 1176 1098 1265; baseline -0.003 -20"><span class='ocrx_word' id='word_1_65' title='bbox 81 1198 195 1258; x_wconf 91' lang='grc' dir='ltr'><strong><em>στασις</em></strong></span> <span class='ocrx_word' id='word_1_66' title='bbox 218 1183 339 1265; x_wconf 86' lang='grc' dir='ltr'><strong><em>τόπου,</em></strong></span> <span class='ocrx_word' id='word_1_67' title='bbox 362 1181 511 1257; x_wconf 89' lang='grc' dir='ltr'><strong><em>θάνατος</em></strong></span> <span class='ocrx_word' id='word_1_68' title='bbox 534 1176 571 1244; x_wconf 74' lang='grc' dir='ltr'><strong><em>δὲ</em></strong></span> <span class='ocrx_word' id='word_1_69' title='bbox 594 1179 612 1244; x_wconf 87' lang='grc' dir='ltr'><strong>ὁ</strong></span> <span class='ocrx_word' id='word_1_70' title='bbox 636 1189 692 1264; x_wconf 78' lang='grc' dir='ltr'><strong><em>τῖης</em></strong></span> <span class='ocrx_word' id='word_1_71' title='bbox 715 1187 822 1263; x_wconf 75' lang='grc' dir='ltr'><strong><em>ψυχῆς</em></strong></span> <span class='ocrx_word' id='word_1_72' title='bbox 844 1179 1011 1264; x_wconf 85' lang='grc' dir='ltr'><strong><em>χωρισμὸς</em></strong></span> <span class='ocrx_word' id='word_1_73' title='bbox 1033 1178 1098 1243; x_wconf 89' lang='grc' dir='ltr'><strong><em>ἀπὸ</em></strong></span> 
     </span>
     <span class='ocr_line' id='line_1_11' title="bbox 80 1282 1139 1372; baseline -0.004 -19"><span class='ocrx_word' id='word_1_74' title='bbox 80 1297 141 1353; x_wconf 83' lang='grc' dir='ltr'><strong><em>τοῦ</em></strong></span> <span class='ocrx_word' id='word_1_75' title='bbox 165 1289 327 1372; x_wconf 83' lang='grc' dir='ltr'><strong><em>σώματος,</em></strong></span> <span class='ocrx_word' id='word_1_76' title='bbox 352 1283 450 1364; x_wconf 82' lang='grc' dir='ltr'><strong><em>οὗτος</em></strong></span> <span class='ocrx_word' id='word_1_77' title='bbox 474 1282 510 1352; x_wconf 73' lang='grc' dir='ltr'><strong><em>δὲ</em></strong></span> <span class='ocrx_word' id='word_1_78' title='bbox 533 1288 570 1352; x_wconf 88' lang='grc' dir='ltr'><strong><em>τὸ</em></strong></span> <span class='ocrx_word' id='word_1_79' title='bbox 594 1292 795 1369; x_wconf 78' lang='grc' dir='ltr'><strong><em>φιλοσοφεῖν</em></strong></span> <span class='ocrx_word' id='word_1_80' title='bbox 818 1285 862 1362; x_wconf 81' lang='grc' dir='ltr'><strong><em>ὡς</em></strong></span> <span class='ocrx_word' id='word_1_81' title='bbox 886 1285 1021 1370; x_wconf 85' lang='grc' dir='ltr'><strong><em>ἀληθῶς</em></strong></span> <span class='ocrx_word' id='word_1_82' title='bbox 1043 1284 1098 1351; x_wconf 80' lang='grc' dir='ltr'><strong><em>καλ</em></strong></span> <span class='ocrx_word' id='word_1_83' title='bbox 1114 1300 1139 1340; x_wconf 89' lang='lat'><strong><em>10</em></strong></span> 
     </span>
     <span class='ocr_line' id='line_1_12' title="bbox 80 1391 1098 1481; baseline -0.004 -21"><span class='ocrx_word' id='word_1_84' title='bbox 80 1397 163 1460; x_wconf 87' lang='grc' dir='ltr'><strong><em>ἀνευ</em></strong></span> <span class='ocrx_word' id='word_1_85' title='bbox 190 1397 419 1480; x_wconf 75' lang='grc' dir='ltr'><strong><em>αἰσθητηρίων</em></strong></span> <span class='ocrx_word' id='word_1_86' title='bbox 451 1391 506 1458; x_wconf 85' lang='grc' dir='ltr'><strong><em>καὶ</em></strong></span> <span class='ocrx_word' id='word_1_87' title='bbox 533 1405 729 1478; x_wconf 81' lang='grc' dir='ltr'><strong><em>σωματικῶν</em></strong></span> <span class='ocrx_word' id='word_1_88' title='bbox 756 1391 933 1479; x_wconf 80' lang='grc' dir='ltr'><strong><em>ἐνεργειῶν</em></strong></span> <span class='ocrx_word' id='word_1_89' title='bbox 959 1397 1098 1481; x_wconf 76' lang='grc' dir='ltr'><strong><em>καθαρῷ</em></strong></span> 
     </span>
     <span class='ocr_line' id='line_1_13' title="bbox 79 1495 1098 1589; baseline -0.001 -23"><span class='ocrx_word' id='word_1_90' title='bbox 79 1510 125 1589; x_wconf 75' lang='grc' dir='ltr'><strong><em>τῷ</em></strong></span> <span class='ocrx_word' id='word_1_91' title='bbox 149 1509 198 1589; x_wconf 74' lang='grc' dir='ltr'><strong><em>νῷ</em></strong></span> <span class='ocrx_word' id='word_1_92' title='bbox 222 1505 368 1586; x_wconf 79' lang='grc' dir='ltr'><strong><em>χρῆσθαι</em></strong></span> <span class='ocrx_word' id='word_1_93' title='bbox 391 1502 438 1578; x_wconf 86' lang='grc' dir='ltr'><strong><em>είς</em></strong></span> <span class='ocrx_word' id='word_1_94' title='bbox 460 1500 645 1582; x_wconf 78' lang='grc' dir='ltr'><strong><em>κατάληψιν</em></strong></span> <span class='ocrx_word' id='word_1_95' title='bbox 668 1509 725 1583; x_wconf 78' lang='grc' dir='ltr'><strong><em>τῆς</em></strong></span> <span class='ocrx_word' id='word_1_96' title='bbox 749 1498 786 1565; x_wconf 86' lang='grc' dir='ltr'><strong><em>έν</em></strong></span> <span class='ocrx_word' id='word_1_97' title='bbox 808 1510 878 1577; x_wconf 88' lang='grc' dir='ltr'><strong><em>τοῖς</em></strong></span> <span class='ocrx_word' id='word_1_98' title='bbox 899 1495 997 1565; x_wconf 84' lang='grc' dir='ltr'><strong><em>οὖσιν</em></strong></span> <span class='ocrx_word' id='word_1_99' title='bbox 1021 1499 1098 1584; x_wconf 90' lang='grc' dir='ltr'><strong><em>ἀλη-</em></strong></span> 
     </span>
     <span class='ocr_line' id='line_1_14' title="bbox 79 1599 1097 1691; baseline -0.001 -19"><span class='ocrx_word' id='word_1_100' title='bbox 79 1611 191 1691; x_wconf 86' lang='grc' dir='ltr'><strong><em>θείας,</em></strong></span> <span class='ocrx_word' id='word_1_101' title='bbox 219 1604 533 1691; x_wconf 68' lang='grc' dir='ltr'><strong><em>ἥπερέπέγυωσται</em></strong></span> <span class='ocrx_word' id='word_1_102' title='bbox 562 1607 666 1690; x_wconf 91' lang='grc' dir='ltr'><strong><em>σοφία</em></strong></span> <span class='ocrx_word' id='word_1_103' title='bbox 690 1599 783 1669; x_wconf 81' lang='grc' dir='ltr'><strong><em>οὖσα.</em></strong></span> <span class='ocrx_word' id='word_1_104' title='bbox 831 1610 1032 1691; x_wconf 80' lang='grc' dir='ltr'><strong><em>φιλοσοφεῖν</em></strong></span> <span class='ocrx_word' id='word_1_105' title='bbox 1056 1609 1097 1690; x_wconf 77' lang='grc' dir='ltr'><strong><em>δὴ</em></strong></span> 
     </span>
     <span class='ocr_line' id='line_1_15' title="bbox 80 1706 1098 1798; baseline -0.002 -19"><span class='ocrx_word' id='word_1_106' title='bbox 80 1714 339 1798; x_wconf 81' lang='grc' dir='ltr'><strong><em>ἐπιβαλλόμενος</em></strong></span> <span class='ocrx_word' id='word_1_107' title='bbox 362 1713 405 1796; x_wconf 82' lang='grc' dir='ltr'><strong><em>μη</em></strong></span> <span class='ocrx_word' id='word_1_108' title='bbox 430 1709 630 1797; x_wconf 83' lang='grc' dir='ltr'><strong><em>ἐπιστρέφου</em></strong></span> <span class='ocrx_word' id='word_1_109' title='bbox 653 1706 737 1796; x_wconf 76' lang='grc' dir='ltr'><strong><em>μηδὲ</em></strong></span> <span class='ocrx_word' id='word_1_110' title='bbox 760 1709 929 1776; x_wconf 88' lang='grc' dir='ltr'><strong><em>καθέλκου</em></strong></span> <span class='ocrx_word' id='word_1_111' title='bbox 953 1713 1036 1798; x_wconf 89' lang='grc' dir='ltr'><strong><em>πρὸς</em></strong></span> <span class='ocrx_word' id='word_1_112' title='bbox 1058 1714 1098 1777; x_wconf 83' lang='grc' dir='ltr'><strong><em>τὰ</em></strong></span> 
     </span>
     <span class='ocr_line' id='line_1_16' title="bbox 78 1814 1139 1906; baseline -0.003 -21"><span class='ocrx_word' id='word_1_113' title='bbox 78 1821 223 1906; x_wconf 89' lang='grc' dir='ltr'><strong><em>πρότερα</em></strong></span> <span class='ocrx_word' id='word_1_114' title='bbox 246 1816 301 1885; x_wconf 81' lang='grc' dir='ltr'><strong><em>καὶ</em></strong></span> <span class='ocrx_word' id='word_1_115' title='bbox 326 1819 362 1884; x_wconf 86' lang='grc' dir='ltr'><strong><em>έν</em></strong></span> <span class='ocrx_word' id='word_1_116' title='bbox 381 1820 569 1904; x_wconf 80' lang='grc' dir='ltr'><strong><em>συντροφία</em></strong></span> <span class='ocrx_word' id='word_1_117' title='bbox 589 1833 643 1882; x_wconf 92' lang='grc' dir='ltr'><strong><em>σοι</em></strong></span> <span class='ocrx_word' id='word_1_118' title='bbox 663 1814 897 1882; x_wconf 80' lang='grc' dir='ltr'><strong><em>ὃιατελέσαντα</em></strong></span> <span class='ocrx_word' id='word_1_119' title='bbox 916 1819 1097 1903; x_wconf 83' lang='grc' dir='ltr'><strong><em>σωματικά·</em></strong></span> <span class='ocrx_word' id='word_1_120' title='bbox 1113 1832 1139 1871; x_wconf 78' lang='lat'><strong><em>15</em></strong></span> 
     </span>
     <span class='ocr_line' id='line_1_17' title="bbox 78 1921 1098 2012; baseline 0 -22"><span class='ocrx_word' id='word_1_121' title='bbox 78 1926 236 2011; x_wconf 81' lang='grc' dir='ltr'><strong><em>μετάνοια</em></strong></span> <span class='ocrx_word' id='word_1_122' title='bbox 260 1927 324 2012; x_wconf 79' lang='grc' dir='ltr'><strong><em>γὰρ</em></strong></span> <span class='ocrx_word' id='word_1_123' title='bbox 348 1924 384 1990; x_wconf 82' lang='grc' dir='ltr'><strong><em>ἐκ</em></strong></span> <span class='ocrx_word' id='word_1_124' title='bbox 406 1925 527 1990; x_wconf 86' lang='grc' dir='ltr'><strong><em>τούτου</em></strong></span> <span class='ocrx_word' id='word_1_125' title='bbox 550 1926 656 2008; x_wconf 76' lang='grc' dir='ltr'><strong><em>πολλή</em></strong></span> <span class='ocrx_word' id='word_1_126' title='bbox 682 1940 737 1989; x_wconf 93' lang='grc' dir='ltr'><strong><em>σοι</em></strong></span> <span class='ocrx_word' id='word_1_127' title='bbox 759 1921 940 2010; x_wconf 78' lang='grc' dir='ltr'><strong><em>παρέυεται</em></strong></span> <span class='ocrx_word' id='word_1_128' title='bbox 964 1924 1098 2009; x_wconf 72' lang='grc' dir='ltr'><strong><em>ἐμποδι-</em></strong></span> 
     </span>
     <span class='ocr_line' id='line_1_18' title="bbox 79 2028 1098 2119; baseline 0.001 -22"><span class='ocrx_word' id='word_1_129' title='bbox 79 2031 205 2119; x_wconf 84' lang='grc' dir='ltr'><strong><em>ζομένω</em></strong></span> <span class='ocrx_word' id='word_1_130' title='bbox 230 2033 330 2109; x_wconf 88' lang='grc' dir='ltr'><strong><em>είς</em></strong></span> <span class='ocrx_word' id='word_1_131' title='bbox 295 2056 353 2108; x_wconf 91' lang='grc' dir='ltr'><strong><em>τας</em></strong></span> <span class='ocrx_word' id='word_1_132' title='bbox 370 2031 475 2115; x_wconf 86' lang='grc' dir='ltr'><strong><em>ὑγιεῖς</em></strong></span> <span class='ocrx_word' id='word_1_133' title='bbox 492 2030 730 2116; x_wconf 60' lang='grc' dir='ltr'><strong><em>καταλήψεις’</em></strong></span> <span class='ocrx_word' id='word_1_134' title='bbox 712 2031 778 2096; x_wconf 89' lang='grc' dir='ltr'><strong><em>υπὸ</em></strong></span> <span class='ocrx_word' id='word_1_135' title='bbox 802 2040 859 2115; x_wconf 89' lang='grc' dir='ltr'><strong><em>της</em></strong></span> <span class='ocrx_word' id='word_1_136' title='bbox 882 2028 1012 2117; x_wconf 78' lang='grc' dir='ltr'><strong><em>περὶ</em></strong></span> <span class='ocrx_word' id='word_1_137' title='bbox 975 2057 1016 2097; x_wconf 94' lang='grc' dir='ltr'><strong><em>τα</em></strong></span> <span class='ocrx_word' id='word_1_138' title='bbox 1034 2049 1098 2098; x_wconf 89' lang='grc' dir='ltr'><strong><em>σω-</em></strong></span> 
     </span>
     <span class='ocr_line' id='line_1_19' title="bbox 56 2134 1097 2228; baseline 0.001 -24.022"><span class='ocrx_word' id='word_1_139' title='bbox 56 2163 198 2228; x_wconf 92' lang='grc' dir='ltr'><strong><em>ματικα</em></strong></span> <span class='ocrx_word' id='word_1_140' title='bbox 187 2137 342 2223; x_wconf 81' lang='grc' dir='ltr'><strong><em>ἀχλύος.</em></strong></span> <span class='ocrx_word' id='word_1_141' title='bbox 378 2139 440 2220; x_wconf 80' lang='grc' dir='ltr'><strong><em>τὴν</em></strong></span> <span class='ocrx_word' id='word_1_142' title='bbox 458 2134 494 2203; x_wconf 80' lang='grc' dir='ltr'><strong><em>δε</em></strong></span> <span class='ocrx_word' id='word_1_143' title='bbox 510 2139 688 2222; x_wconf 85' lang='grc' dir='ltr'><strong><em>μετάνοιαν</em></strong></span> <span class='ocrx_word' id='word_1_144' title='bbox 703 2135 862 2223; x_wconf 83' lang='grc' dir='ltr'><strong><em>Ἐρινὺν</em></strong></span> <span class='ocrx_word' id='word_1_145' title='bbox 877 2141 1097 2224; x_wconf 85' lang='grc' dir='ltr'><strong><em>μετωνόμασε.</em></strong></span> 
     </span>
     <span class='ocr_line' id='line_1_20' title="bbox 10 2231 1098 2331; baseline 0.001 -22"><span class='ocrx_word' id='word_1_146' title='bbox 10 2231 63 2328; x_wconf 74' lang='lat'>4¹14</span> <span class='ocrx_word' id='word_1_147' title='bbox 172 2246 217 2310; x_wconf 89' lang='grc' dir='ltr'><strong><em>Τὸ</em></strong></span> <span class='ocrx_word' id='word_1_148' title='bbox 251 2241 288 2309; x_wconf 71' lang='grc' dir='ltr'><strong><em>δὲ</em></strong></span> <span class='ocrx_word' id='word_1_149' title='bbox 320 2246 416 2327; x_wconf 88' lang='grc' dir='ltr'><strong><em>πρὸς</em></strong></span> <span class='ocrx_word' id='word_1_150' title='bbox 447 2244 566 2327; x_wconf 74' lang='grc' dir='ltr'><strong><em>ἥλιον</em></strong></span> <span class='ocrx_word' id='word_1_151' title='bbox 597 2242 865 2328; x_wconf 89' lang='grc' dir='ltr'><strong><em>τετραμμένος</em></strong></span> <span class='ocrx_word' id='word_1_152' title='bbox 901 2246 949 2329; x_wconf 77' lang='grc' dir='ltr'><strong><em>μὴ</em></strong></span> <span class='ocrx_word' id='word_1_153' title='bbox 988 2246 1098 2331; x_wconf 73' lang='grc' dir='ltr'><strong><em>οὔρει</em></strong></span> 
     </span>
     <span class='ocr_line' id='line_1_21' title="bbox 79 2345 1139 2437; baseline -0.001 -21"><span class='ocrx_word' id='word_1_154' title='bbox 79 2350 188 2417; x_wconf 88' lang='grc' dir='ltr'><strong><em>έκεῖνο</em></strong></span> <span class='ocrx_word' id='word_1_155' title='bbox 225 2349 414 2436; x_wconf 88' lang='grc' dir='ltr'><strong><em>προτρέπει</em></strong></span> <span class='ocrx_word' id='word_1_156' title='bbox 456 2345 560 2433; x_wconf 70' lang='grc' dir='ltr'><strong><em>μηθέν</em></strong></span> <span class='ocrx_word' id='word_1_157' title='bbox 598 2350 725 2437; x_wconf 82' lang='grc' dir='ltr'><strong><em>ζφῶιλες</em></strong></span> <span class='ocrx_word' id='word_1_158' title='bbox 761 2348 941 2431; x_wconf 79' lang='grc' dir='ltr'><strong><em>ἐπιβάλλον</em></strong></span> <span class='ocrx_word' id='word_1_159' title='bbox 977 2361 1096 2433; x_wconf 78' lang='grc' dir='ltr'><strong><em>ποιεῖν,</em></strong></span> <span class='ocrx_word' id='word_1_160' title='bbox 1112 2365 1139 2403; x_wconf 79' lang='lat'><strong><em>20</em></strong></span> 
     </span>
     <span class='ocr_line' id='line_1_22' title="bbox 79 2452 1097 2543; baseline -0.003 -20"><span class='ocrx_word' id='word_1_161' title='bbox 79 2460 261 2543; x_wconf 89' lang='grc' dir='ltr'><strong><em>φιλοσόφει</em></strong></span> <span class='ocrx_word' id='word_1_162' title='bbox 290 2453 326 2521; x_wconf 76' lang='grc' dir='ltr'><strong><em>δὲ</em></strong></span> <span class='ocrx_word' id='word_1_163' title='bbox 354 2459 413 2523; x_wconf 93' lang='grc' dir='ltr'><strong><em>τὸν</em></strong></span> <span class='ocrx_word' id='word_1_164' title='bbox 438 2455 585 2541; x_wconf 87' lang='grc' dir='ltr'><strong><em>οὐρανὸν</em></strong></span> <span class='ocrx_word' id='word_1_165' title='bbox 608 2454 698 2541; x_wconf 82' lang='grc' dir='ltr'><strong><em>ὁρῶν</em></strong></span> <span class='ocrx_word' id='word_1_166' title='bbox 721 2452 776 2520; x_wconf 81' lang='grc' dir='ltr'><strong><em>καλ</em></strong></span> <span class='ocrx_word' id='word_1_167' title='bbox 800 2457 860 2520; x_wconf 87' lang='grc' dir='ltr'><strong><em>τὸν</em></strong></span> <span class='ocrx_word' id='word_1_168' title='bbox 883 2455 995 2539; x_wconf 71' lang='grc' dir='ltr'><strong><em>ἥλιον,</em></strong></span> <span class='ocrx_word' id='word_1_169' title='bbox 1025 2467 1097 2539; x_wconf 86' lang='grc' dir='ltr'><strong><em>φῶς</em></strong></span> 
     </span>
     <span class='ocr_line' id='line_1_23' title="bbox 77 2559 1096 2648; baseline -0.002 -18"><span class='ocrx_word' id='word_1_170' title='bbox 77 2564 117 2630; x_wconf 91' lang='grc' dir='ltr'><strong><em>τέ</em></strong></span> <span class='ocrx_word' id='word_1_171' title='bbox 142 2581 196 2630; x_wconf 93' lang='grc' dir='ltr'><strong><em>σοι</em></strong></span> <span class='ocrx_word' id='word_1_172' title='bbox 223 2571 281 2646; x_wconf 81' lang='grc' dir='ltr'><strong><em>τῆς</em></strong></span> <span class='ocrx_word' id='word_1_173' title='bbox 309 2563 467 2646; x_wconf 81' lang='grc' dir='ltr'><strong><em>ἀληθείας</em></strong></span> <span class='ocrx_word' id='word_1_174' title='bbox 494 2561 656 2647; x_wconf 77' lang='grc' dir='ltr'><strong><em>ἡγείσθω,</em></strong></span> <span class='ocrx_word' id='word_1_175' title='bbox 684 2560 738 2627; x_wconf 81' lang='grc' dir='ltr'><strong><em>καὶ</em></strong></span> <span class='ocrx_word' id='word_1_176' title='bbox 762 2560 925 2648; x_wconf 80' lang='grc' dir='ltr'><strong><em>μηδέποτε</em></strong></span> <span class='ocrx_word' id='word_1_177' title='bbox 948 2559 1096 2647; x_wconf 90' lang='grc' dir='ltr'><strong><em>μέμνησο</em></strong></span> 
     </span>
     <span class='ocr_line' id='line_1_24' title="bbox 79 2654 1110 2758; baseline -0.002 -22"><span class='ocrx_word' id='word_1_178' title='bbox 79 2673 312 2756; x_wconf 90' lang='grc' dir='ltr'><strong><em>ταπεινόφρων</em></strong></span> <span class='ocrx_word' id='word_1_179' title='bbox 345 2665 432 2735; x_wconf 86' lang='grc' dir='ltr'><strong><em>είναι</em></strong></span> <span class='ocrx_word' id='word_1_180' title='bbox 464 2668 501 2735; x_wconf 82' lang='grc' dir='ltr'><strong><em>ἐν</em></strong></span> <span class='ocrx_word' id='word_1_181' title='bbox 529 2673 728 2758; x_wconf 81' lang='grc' dir='ltr'><strong><em>φιλοσοφία,</em></strong></span> <span class='ocrx_word' id='word_1_182' title='bbox 762 2668 814 2735; x_wconf 89' lang='grc' dir='ltr'><strong><em>έπλ</em></strong></span> <span class='ocrx_word' id='word_1_183' title='bbox 841 2673 945 2748; x_wconf 87' lang='grc' dir='ltr'><strong><em>θεοὺς</em></strong></span> <span class='ocrx_word' id='word_1_184' title='bbox 974 2666 1010 2734; x_wconf 74' lang='grc' dir='ltr'><strong><em>δὲ</em></strong></span> <span class='ocrx_word' id='word_1_185' title='bbox 1042 2654 1110 2735; x_wconf 75' lang='grc' dir='ltr'><strong><em>καλ</em></strong></span> 
     </span>
     <span class='ocr_line' id='line_1_25' title="bbox 10 2775 1097 2863; baseline -0.001 -22"><span class='ocrx_word' id='word_1_186' title='bbox 10 2798 65 2841; x_wconf 72' lang='grc' dir='ltr'><strong><em>τε.</em></strong></span> <span class='ocrx_word' id='word_1_187' title='bbox 82 2781 206 2863; x_wconf 91' lang='grc' dir='ltr'><strong><em>σοφίαν</em></strong></span> <span class='ocrx_word' id='word_1_188' title='bbox 227 2779 282 2841; x_wconf 78' lang='grc' dir='ltr'><strong><em>διὰ</em></strong></span> <span class='ocrx_word' id='word_1_189' title='bbox 300 2786 357 2861; x_wconf 75' lang='grc' dir='ltr'><strong><em>τῆς</em></strong></span> <span class='ocrx_word' id='word_1_190' title='bbox 375 2787 441 2842; x_wconf 85' lang='grc' dir='ltr'><strong><em>τῶν</em></strong></span> <span class='ocrx_word' id='word_1_191' title='bbox 461 2777 629 2863; x_wconf 87' lang='grc' dir='ltr'><strong><em>οὐρανίων</em></strong></span> <span class='ocrx_word' id='word_1_192' title='bbox 649 2777 849 2855; x_wconf 79' lang='grc' dir='ltr'><strong><em>ἐπισκέψεως</em></strong></span> <span class='ocrx_word' id='word_1_193' title='bbox 868 2775 1021 2862; x_wconf 86' lang='grc' dir='ltr'><strong><em>ἀνέρχου,</em></strong></span> <span class='ocrx_word' id='word_1_194' title='bbox 1042 2776 1097 2841; x_wconf 82' lang='grc' dir='ltr'><strong><em>καὶ</em></strong></span> 
     </span>
     <span class='ocr_line' id='line_1_26' title="bbox 77 2879 1136 2971; baseline -0.004 -22"><span class='ocrx_word' id='word_1_195' title='bbox 77 2887 263 2971; x_wconf 79' lang='grc' dir='ltr'><strong><em>φιλοσοφίᾳ</em></strong></span> <span class='ocrx_word' id='word_1_196' title='bbox 296 2883 553 2969; x_wconf 90' lang='grc' dir='ltr'><strong><em>ἐπιβαλλόμενος</em></strong></span> <span class='ocrx_word' id='word_1_197' title='bbox 584 2880 639 2948; x_wconf 85' lang='grc' dir='ltr'><strong><em>καλ</em></strong></span> <span class='ocrx_word' id='word_1_198' title='bbox 666 2891 711 2969; x_wconf 77' lang='grc' dir='ltr'><strong><em>τῷ</em></strong></span> <span class='ocrx_word' id='word_1_199' title='bbox 741 2882 777 2947; x_wconf 87' lang='grc' dir='ltr'><strong><em>έν</em></strong></span> <span class='ocrx_word' id='word_1_200' title='bbox 810 2881 893 2967; x_wconf 75' lang='grc' dir='ltr'><strong><em>αὐτῇ</em></strong></span> <span class='ocrx_word' id='word_1_201' title='bbox 926 2879 1012 2966; x_wconf 81' lang='grc' dir='ltr'><strong><em>φωτί</em></strong></span> <span class='ocrx_word' id='word_1_202' title='bbox 1039 2891 1136 2966; x_wconf 75' lang='grc' dir='ltr'><strong><em>τῆς25</em></strong></span> 
     </span>
     <span class='ocr_line' id='line_1_27' title="bbox 78 2986 1096 3076; baseline -0.003 -20"><span class='ocrx_word' id='word_1_203' title='bbox 78 2991 239 3076; x_wconf 90' lang='grc' dir='ltr'><strong><em>ἀληθείας</em></strong></span> <span class='ocrx_word' id='word_1_204' title='bbox 257 2992 431 3076; x_wconf 92' lang='grc' dir='ltr'><strong><em>καθαίρων</em></strong></span> <span class='ocrx_word' id='word_1_205' title='bbox 450 2991 591 3055; x_wconf 90' lang='grc' dir='ltr'><strong><em>σεαυτὸν</em></strong></span> <span class='ocrx_word' id='word_1_206' title='bbox 609 2986 664 3053; x_wconf 78' lang='grc' dir='ltr'><strong><em>καὶ</em></strong></span> <span class='ocrx_word' id='word_1_207' title='bbox 682 2987 817 3074; x_wconf 81' lang='grc' dir='ltr'><strong><em>τραπεὶς</em></strong></span> <span class='ocrx_word' id='word_1_208' title='bbox 835 2986 888 3053; x_wconf 81' lang='grc' dir='ltr'><strong><em>έπλ</em></strong></span> <span class='ocrx_word' id='word_1_209' title='bbox 906 2988 968 3072; x_wconf 82' lang='grc' dir='ltr'><strong><em>τὴν</em></strong></span> <span class='ocrx_word' id='word_1_210' title='bbox 986 2991 1096 3054; x_wconf 85' lang='grc' dir='ltr'><strong><em>τοιαύ-</em></strong></span> 
     </span>
     <span class='ocr_line' id='line_1_28' title="bbox 78 3092 1096 3182; baseline -0.002 -20"><span class='ocrx_word' id='word_1_211' title='bbox 78 3122 141 3182; x_wconf 84' lang='grc' dir='ltr'><strong><em>την</em></strong></span> <span class='ocrx_word' id='word_1_212' title='bbox 174 3097 385 3180; x_wconf 79' lang='grc' dir='ltr'><strong><em>ἐπιτήδευσιν</em></strong></span> <span class='ocrx_word' id='word_1_213' title='bbox 417 3098 598 3180; x_wconf 91' lang='grc' dir='ltr'><strong><em>θεολογίαν</em></strong></span> <span class='ocrx_word' id='word_1_214' title='bbox 634 3118 669 3160; x_wconf 92' lang='grc' dir='ltr'><strong><em>τε</em></strong></span> <span class='ocrx_word' id='word_1_215' title='bbox 700 3092 755 3159; x_wconf 79' lang='grc' dir='ltr'><strong><em>καὶ</em></strong></span> <span class='ocrx_word' id='word_1_216' title='bbox 787 3098 1009 3179; x_wconf 91' lang='grc' dir='ltr'><strong><em>φυσιολογίαν</em></strong></span> <span class='ocrx_word' id='word_1_217' title='bbox 1040 3094 1096 3160; x_wconf 80' lang='grc' dir='ltr'><strong><em>καὶ</em></strong></span> 
     </span>
     <span class='ocr_line' id='line_1_29' title="bbox 79 3197 1096 3288; baseline -0.002 -19"><span class='ocrx_word' id='word_1_218' title='bbox 79 3215 268 3288; x_wconf 83' lang='grc' dir='ltr'><strong><em>σφαιρικῶν</em></strong></span> <span class='ocrx_word' id='word_1_219' title='bbox 296 3202 476 3286; x_wconf 82' lang='grc' dir='ltr'><strong><em>ἐπίγνωσιν</em></strong></span> <span class='ocrx_word' id='word_1_220' title='bbox 504 3203 708 3286; x_wconf 83' lang='grc' dir='ltr'><strong><em>αἰτιολογίαν</em></strong></span> <span class='ocrx_word' id='word_1_221' title='bbox 736 3224 771 3266; x_wconf 91' lang='grc' dir='ltr'><strong><em>τε</em></strong></span> <span class='ocrx_word' id='word_1_222' title='bbox 798 3201 859 3284; x_wconf 78' lang='grc' dir='ltr'><strong><em>τὴν</em></strong></span> <span class='ocrx_word' id='word_1_223' title='bbox 882 3197 965 3286; x_wconf 72' lang='grc' dir='ltr'><strong><em>ὑπὲρ</em></strong></span> <span class='ocrx_word' id='word_1_224' title='bbox 988 3202 1096 3267; x_wconf 89' lang='grc' dir='ltr'><strong><em>πάντα</em></strong></span> 
     </span>
     <span class='ocr_line' id='line_1_30' title="bbox 77 3304 1027 3397; baseline -0.005 -21"><span class='ocrx_word' id='word_1_225' title='bbox 77 3320 181 3376; x_wconf 88' lang='grc' dir='ltr'><strong><em>ταῦτα</em></strong></span> <span class='ocrx_word' id='word_1_226' title='bbox 204 3308 319 3394; x_wconf 90' lang='grc' dir='ltr'><strong><em>μηκέτι</em></strong></span> <span class='ocrx_word' id='word_1_227' title='bbox 344 3307 471 3397; x_wconf 82' lang='grc' dir='ltr'><strong><em>ζφῶὸές</em></strong></span> <span class='ocrx_word' id='word_1_228' title='bbox 493 3333 524 3374; x_wconf 90' lang='grc' dir='ltr'><strong><em>τι</em></strong></span> <span class='ocrx_word' id='word_1_229' title='bbox 547 3311 635 3374; x_wconf 92' lang='grc' dir='ltr'><strong><em>ποίει</em></strong></span> <span class='ocrx_word' id='word_1_230' title='bbox 658 3304 741 3392; x_wconf 71' lang='grc' dir='ltr'><strong><em>μηδὲ</em></strong></span> <span class='ocrx_word' id='word_1_231' title='bbox 764 3309 1027 3392; x_wconf 80' lang='grc' dir='ltr'><strong><em>βοσκηματῶὸες.</em></strong></span> 
     </span>
    </p>
   </div>
   <div class='ocr_carea' id='block_1_3' title="bbox 78 3459 1104 3609">
    <p class='ocr_par' dir='ltr' id='par_1_3' title="bbox 78 3459 1104 3609">
     <span class='ocr_line' id='line_1_31' title="bbox 151 3459 1104 3540; baseline -0.007 -18"><span class='ocrx_word' id='word_1_232' title='bbox 151 3461 279 3522; x_wconf 75' lang='grc' dir='ltr'><strong><em>ὂιαλ”</em></strong></span> <span class='ocrx_word' id='word_1_233' title='bbox 246 3487 295 3521; x_wconf 88' lang='grc' dir='ltr'><strong><em>οντ</em></strong></span> <span class='ocrx_word' id='word_1_234' title='bbox 297 3467 374 3529; x_wconf 91' lang='grc' dir='ltr'><strong><em>ωςΚ</em></strong></span> <span class='ocrx_word' id='word_1_235' title='bbox 389 3485 422 3520; x_wconf 85' lang='lat' dir='ltr'><strong><em>ex</em></strong></span> <span class='ocrx_word' id='word_1_236' title='bbox 437 3482 533 3537; x_wconf 78' lang='lat' dir='ltr'><strong>apogr.</strong></span> <span class='ocrx_word' id='word_1_237' title='bbox 549 3465 629 3538; x_wconf 69' lang='grc' dir='ltr'><strong><em>Οἰωλλ</em></strong></span> <span class='ocrx_word' id='word_1_238' title='bbox 641 3466 751 3522; x_wconf 74' lang='grc' dir='ltr'><strong><em>2οίοά</em></strong></span> <span class='ocrx_word' id='word_1_239' title='bbox 761 3459 871 3540; x_wconf 49' lang='lat' dir='ltr'><strong><em>&lt;dm</em></strong></span> <span class='ocrx_word' id='word_1_240' title='bbox 871 3461 1104 3532; x_wconf 48' lang='grc' dir='ltr'><strong><em>κεῖπι-υοψὲ</em></strong></span> 
     </span>
     <span class='ocr_line' id='line_1_32' title="bbox 78 3534 471 3609; baseline 0.003 -15"><span class='ocrx_word' id='word_1_241' title='bbox 78 3539 259 3607; x_wconf 83' lang='grc' dir='ltr'><strong><em>σκέφεαςΑ.</em></strong></span> <span class='ocrx_word' id='word_1_242' title='bbox 254 3534 471 3609; x_wconf 80' lang='grc' dir='ltr'><strong><em>ἐπισκήψεως.</em></strong></span> 
     </span>
    </p>
   </div>
   <div class='ocr_carea' id='block_1_4' title="bbox 937 3619 980 3676">
    <p class='ocr_par' dir='ltr' id='par_1_4' title="bbox 937 3619 980 3676">
     <span class='ocr_line' id='line_1_33' title="bbox 937 3619 980 3676; baseline 0 -25"><span class='ocrx_word' id='word_1_243' title='bbox 937 3619 980 3676; x_wconf 45' lang='lat' dir='ltr'><strong><em>Q*-</em></strong></span> 
     </span>
    </p>
   </div>
   <div class='ocr_carea' id='block_1_5' title="bbox 0 0 1220 3848">
    <p class='ocr_par' dir='ltr' id='par_1_5' title="bbox 0 0 1220 3848">
     <span class='ocr_line' id='line_1_34' title="bbox 0 0 1220 3848; baseline 0 2"><span class='ocrx_word' id='word_1_244' title='bbox 0 0 1220 3848; x_wconf 95' lang='lat' dir='ltr'><strong><em> </em></strong></span> 
     </span>
    </p>
   </div>
  </div>
 </body>
</html>
