2430 3848
381 179 655 235 PROTREPTICUS
675 183 709 250 (ο.
725 179 770 247 v).
1039 182 1081 246 ος

68 340 152 405 ὅθεν
186 341 220 405 οί
256 338 362 426 ίατρολ
400 341 460 426 οὐχ
497 340 636 419 ἑαυτοὺς
671 343 895 425 γιγνώσκουσι
932 346 1081 409 καθόσον

69 450 189 532 ίατροί,
213 444 292 511 οὐδὲ
312 448 348 511 οί
365 449 576 532 παιδοτρίβαι
595 451 747 513 καθόσον
770 451 989 533 παιδοτρίβαι.
1027 448 1082 515 καὶ

68 554 143 618 ὅσοι
177 549 214 617 δὲ
246 551 445 639 πορρωτέρω
478 564 545 618 τῶν
578 552 706 618 ἑαυτῶν
739 555 778 618 τά
810 552 885 640 περὶ
917 557 954 621 τὸ
988 567 1082 641 σῶμα

67 659 325 743 γιγνώσκουσιν,
357 650 407 736 οἷς
429 668 527 725 τοῦτο
552 661 787 745 θεραπεύεται,
817 660 861 737 ώς
885 663 920 725 οί
940 662 1081 746 γεωργοὶ

10 786 54 827 οι.
68 765 124 831 καὶ
148 767 184 830 οί
204 767 300 830 ἀλλοι
325 768 539 852 δημιουργοί,
568 772 695 832 πολλοῦ
718 768 759 850 δη
785 767 920 833 δέουσιν
944 767 1108 846 ἑαυτοὺςο

68 873 281 956 γιγνώσκειν·
312 869 390 938 οὐδὲ
418 874 481 957 γάρ
510 873 550 937 τὰ
580 872 707 938 ἑαυτῶν
731 869 825 939 οὗτοι
848 875 1081 958 γιγνώσκουσι.

70 981 126 1044 διά
147 987 250 1044 ταῦτα
274 980 315 1063 δη
338 977 394 1044 καλ
417 980 581 1062 βάναυσοι
606 975 703 1044 αὗται
726 981 763 1045 αλ
787 980 898 1065 τέχναι
923 983 1082 1047 δοκοῦσιν

69 1080 163 1152 εἶναι.
206 1088 291 1169 μόνη
312 1081 348 1150 δὲ
367 1087 571 1172 σωφροσύνη
591 1084 682 1150 ἐστὶν
700 1085 720 1168 ἡ
740 1094 797 1170 τῆς
820 1096 926 1170 ψυχῆς
948 1100 1082 1172 γνῶσις,

69 1190 124 1256 καὶ
146 1200 192 1279 τῶ
217 1193 290 1257 όντι
312 1190 453 1277 ἡμετέρα
477 1191 575 1277 ἀρετὴ
600 1194 686 1276 μόνη
710 1191 818 1275 ἐκείνη
838 1192 988 1277 ὑπάρχει,
1012 1195 1083 1276 ἥτις

67 1299 129 1381 τὴν
153 1299 264 1382 ψυχὴν
287 1301 441 1381 βελτίονα
460 1298 682 1385 ἀπεργάζεται.
720 1300 841 1383 ταύτης
860 1301 923 1387 ἀρα
942 1301 1082 1384 μάλιστα
1098 1321 1123 1360 ιο

69 1403 315 1470 ἀντιποιεῖσθαι
338 1404 432 1483 ἀξιον
455 1408 534 1482 τοὺς
557 1404 785 1489 βουλομένους
806 1406 1082 1491 ὁμολογουμένως

12 1530 55 1570 ⁸11.
69 1520 108 1595 τη
142 1509 270 1577 ἑαυτῶν
307 1510 404 1599 οὐσία
442 1513 635 1597 διακοσμεῖν
667 1515 726 1577 τὸν
760 1511 886 1578 ἑαυτῶν
919 1518 995 1598 βίον
1027 1512 1082 1579 καὶ

69 1616 208 1695 ἑαυτοὺς
222 1618 464 1703 ἀπεργάζεσθαι
482 1621 604 1694 καλοὺς
622 1616 677 1682 καὶ
697 1619 856 1702 ἀγαθούς,
876 1617 990 1707 καὶτῷ
1010 1622 1079 1685 όντι

69 1723 196 1788 ἑαυτῶν
220 1723 448 1807 ἐπιμελεῖσθαι
471 1723 765 1810 προαιρουμένους.

162 1834 228 1914 Τῆς
251 1827 288 1896 δὲ
311 1831 412 1913 αὐτῆς
435 1833 541 1914 ἔχεται
564 1831 697 1914 γνώμης
724 1828 779 1894 καλ
800 1840 916 1894 ταῦτα·
947 1831 991 1906 ὡς
1013 1843 1081 1896 τῶν
1099 1853 1122 1893 ιι

69 1935 237 2022 ἡμετέρων
254 1937 428 2021 κτημάτων
443 1939 523 2021 μετὰ
540 1937 644 2014 θεοὺς
661 1937 750 2022 ψυχὴ
769 1939 945 2002 θειότατον
964 1939 1082 2026 οίκειιό-

68 2046 168 2109 τατόν
190 2042 228 2108 τέ
250 2043 333 2126 ἐστι,
361 2043 401 2107 τά
424 2039 456 2107 δ’
482 2043 624 2128 ἡμέτερα
653 2045 745 2108 διττά
768 2044 875 2108 πάντα
899 2043 968 2109 ἐστὶ
991 2055 1081 2128 πᾶσι,

69 2151 108 2214 τά
136 2147 197 2235 μὲν
223 2152 358 2235 κρείττω
386 2146 441 2214 καὶ
468 2149 593 2234 ἀμείνω
622 2152 837 2234 δεσπόζοντα,
867 2152 907 2216 τά
936 2148 973 2217 δὲ
995 2153 1081 2236 ἥττω

69 2253 123 2321 καὶ
153 2258 252 2341 χείρω
286 2258 399 2321 δοῦλα.
453 2256 493 2321 τά
532 2257 732 2336 δεσπόζοντα
768 2253 830 2322 οὖν
861 2258 1082 2343 προτιμητέον

70 2373 136 2427 τῶν
160 2364 399 2428 δουλευόντων.
445 2363 550 2439 οὕτως
574 2358 636 2428 οὖν
658 2365 720 2447 την
743 2365 854 2448 ψυχὴν
877 2367 957 2448 μετά
979 2369 1081 2441 θεοὺς
1096 2386 1122 2424 εο

69 2480 136 2534 τῶν
164 2470 275 2534 ἀλλων
302 2468 521 2556 προτιμητέον
549 2470 695 2534 πάντων·
726 2478 804 2557 τιμᾷ
834 2466 870 2535 δὲ
894 2470 998 2554 αὐτὴν
1022 2471 1082 2555 οὐχ
1125 2455 1162 2534 ᾇ

70 2575 88 2640 6
111 2579 248 2661 χείρονα
271 2576 307 2642 έκ
330 2579 500 2659 βελτίονος
523 2575 800 2661 ἀπεργαζόμενος,
832 2572 905 2642 οὐδ’
932 2578 949 2643 6
974 2589 1083 2643 κακῶν

70 2680 123 2747 καὶ
147 2684 359 2767 μεταμελείας
381 2681 542 2767 ἐμπιπλὰς
561 2683 677 2767 αὐτην,
706 2682 779 2749 οὐδ’
806 2685 824 2750 6
848 2685 983 2769 φεύγων
1005 2689 1084 2762 τοὺς

71 2788 333 2874 ἐπαινουμένους
354 2792 480 2866 πόνους
506 2787 561 2854 καλ
585 2792 713 2873 φόβους
736 2789 791 2878 καλ
819 2789 1007 2873 ἀλγηδόνας
1029 2789 1084 2855 καὶ

70 2895 176 2972 λύπας
196 2893 329 2983 (ἀτιμον
347 2897 411 2981 γάρ
427 2896 531 2978 αὐτην
546 2895 759 2981 ἀπεργάζεται
778 2893 987 2982 δτοιούτος),
1008 2893 1080 2961 οὐδ’
1099 2914 1124 2954 25

71 3001 89 3066 6
113 3004 250 3087 φεύγων
273 3002 332 3067 τὸν
355 3003 507 3068 θάνατον
531 3000 606 3088 (τὴν
633 3004 697 3086 γάρ
725 3003 824 3067 λύσιν
851 3004 912 3086 την
936 3002 999 3068 ἀπὸ
1024 3012 1084 3068 τοῦ

72 3109 223 3192 σώματος
236 3109 292 3174 καλ
309 3119 366 3194 τῆς
380 3120 488 3194 ψυχῆς
501 3111 562 3194 την
576 3104 657 3175 καθ’
675 3107 796 3193 ἑαυτην
812 3111 896 3193 ζωὴν
912 3110 1084 3196 δυσχεραί-

71 3238 164 3280 νοιτο
197 3214 240 3282 ἀν
271 3216 288 3281 6
316 3214 497 3304 τοιοῦτος),
532 3213 605 3281 οὐδ’
637 3215 655 3280 6
683 3217 746 3301 πρὸ
772 3216 887 3302 ἀρετῆς
915 3228 1084 3301 προτιμῶν

161 3394 202 3444 15.
222 3407 251 3459 p.
266 3395 310 3458 30,
324 3397 340 3445 2
360 3391 431 3447 Plat.
450 3391 536 3462 Legg.
552 3391 576 3445 V
594 3408 641 3460 pp.
658 3395 799 3444 726-728
811 3391 844 3443 A.

153 3544 237 3618 ιιι]
246 3567 280 3616 γε
292 3548 432 3610 nemo
447 3555 540 3612 unde:
563 3555 598 3614 α.
615 3536 696 3614 ωτι.
716 3551 860 3624 mm.
875 3553 938 3605 m
951 3543 1055 3610 mm
1071 3519 1152 3584 τῶ·
