2430 3848
125 179 189 244 122
532 177 724 233 IAMBLIOHI

121 342 202 426 ἡμῖν
225 341 258 421 ἐξ
282 341 418 425 αἵματος
442 342 477 406 οί
497 337 558 427 μέν
581 343 715 425 ἔγγιστα
742 338 863 425 γένους
888 338 974 406 είσὶν
987 337 1140 424 ἀδελφοὶ

121 445 176 512 καὶ
199 445 298 512 τέκνα
319 444 375 511 καὶ
394 456 515 530 γονεῖς,
534 446 676 524 ἐοικότες
694 457 764 524 τοῖς
784 445 919 533 μέρεσιν
936 446 1031 531 ἡμῶν
1055 447 1139 532 άπερ

122 552 348 638 ἀφαιρεθέντα
372 554 502 638 ἄλγημα
530 553 571 619 οὐ
593 555 631 619 τὸ
653 555 756 638 τυχὸν
781 552 915 639 παρέχει
942 551 997 619 καὶ
1020 553 1140 618 κολού-

122 677 238 744 ρωσιν,
262 652 336 725 οἷον
360 660 516 725 δάκτυλοι
535 670 641 745 χεῖρες
659 656 727 726 ὦτα
746 657 801 745 ῥὶν
823 658 879 725 καὶ
905 660 946 724 τά
969 660 1081 743 ὅμοια·
1107 660 1143 724 οί

95 761 153 833 εδ’
180 766 212 844 ἐξ
236 766 465 850 ἀποστήματος
487 770 615 841 πολλοῦ
638 764 941 854 προσφκειωμένοι,
968 756 1042 830 οἷον
1065 765 1140 830 ἀνε-

121 873 240 951 ψιάδαι
257 869 540 957 ἣπατραδέλφων
559 871 813 956 γαμβροντιδεῖς
830 868 851 954 ἢ
871 872 1023 937 τοιοῦτοί
1040 893 1140 953 τινες,

122 979 270 1044 ἐοίκασιν
299 975 439 1044 ἑκάστου
466 977 560 1062 ἡμῶν
587 988 657 1054 τοῖς
684 976 819 1063 μέρεσιν
847 968 895 1042 ὧν
926 976 1140 1062 τεμνομένων

122 1086 259 1168 άλγησις
292 1084 431 1169 οὐδεμία
462 1087 693 1169 παραγίνεται,
727 1076 800 1150 οἷον
832 1081 925 1169 θριξὶ
957 1081 1012 1149 καὶ
1044 1082 1141 1162 όνυξι

121 1190 176 1256 καὶ
199 1202 272 1268 τοῖς
291 1192 427 1276 ὁμοίοις.
474 1192 679 1274 βουλόμενος
702 1185 765 1256 οάν
788 1189 937 1268 ἐκείνους
959 1193 1038 1266 τοὺς
1061 1206 1140 1272 συγ·

82 1323 108 1361 10
121 1308 228 1381 γενεῖς
256 1280 405 1381 δηλῶσαι
431 1296 511 1373 τοὺς
538 1298 627 1382 παρά
653 1297 713 1361 τὸν
741 1298 844 1362 ἀλλον
871 1299 995 1382 χρόνον
1020 1296 1143 1380 ἠμελη-

122 1402 245 1488 μένους
268 1404 325 1468 διὰ
347 1404 409 1486 τὴν
433 1401 632 1486 ἀπόστασιν,
658 1412 729 1479 τοῖς
752 1401 868 1481 όνυξιν
897 1403 1057 1488 ἐχρήσατο
1085 1399 1141 1467 καὶ

122 1505 206 1574 είπε·
229 1510 273 1596 μὴ
293 1509 474 1574 ἀποτίθεσο
492 1510 682 1593 παντάπασι
699 1510 851 1592 τούτους,
870 1504 942 1574 ἀλλ’
964 1511 1001 1574 έν
1019 1532 1057 1592 γε
1076 1515 1142 1573 θυ-

123 1618 220 1698 σίαις,
244 1616 275 1680 εί
296 1613 351 1680 καὶ
368 1623 415 1703 τῷ
437 1616 526 1703 άλλφ
545 1617 655 1703 χρόνῳ
673 1617 969 1700 παρημελήδιγσαν,
992 1615 1142 1700 πρόσαγε
1156 1632 1182 1674 τε

93 1743 95 1746 ’
123 1722 246 1800 αὐτοὺς
268 1728 380 1810 σαυτῷ
404 1720 460 1787 καὶ
482 1720 627 1787 ἀνανέου
649 1721 711 1804 τὴν
736 1722 929 1805 οἰκειότητα.

69 1835 112 1907 κη’
215 1828 260 1893 Τὸ
285 1824 322 1893 δέ
351 1826 486 1906 δεξιάν
514 1829 562 1911 μὴ
590 1826 706 1892 παντὶ
735 1827 881 1913 ῥαδίως
904 1829 1071 1910 ἔμβαλλε
1095 1827 1140 1909 μὴ
1157 1844 1182 1886 15

84 1957 108 1996 ιε
123 1935 219 2020 όρεγε
247 1932 371 2021 ῥᾳδίως
394 1931 477 2019 φησὶ
501 1932 628 2017 δεξιάν,
657 1931 807 1998 τουτέστι
834 1933 878 2018 μὴ
903 1932 1033 1997 ἀνάσπα
1056 1928 1142 2016 μηδὲ

123 2039 246 2124 ἀνιμᾶν
269 2040 425 2125 ἐπιχείρει
449 2040 561 2119 δεξιάν
585 2037 712 2124 ὀρέγων
732 2050 803 2117 τοῖς
821 2039 1063 2122 ἀνεπιτηδείοις
1085 2037 1143 2104 καὶ

124 2145 371 2229 ἀνοργιάστοις,
403 2147 451 2210 έτι
477 2141 513 2210 δέ
541 2146 597 2209 διὰ
620 2145 854 2230 παιδευμάτων
880 2168 915 2209 τε
943 2142 998 2209 καὶ
1026 2145 1143 2228 διδαγ-

123 2251 247 2336 μάτων,
272 2249 292 2315 ά
310 2255 421 2340 πολλῷ
441 2254 551 2340 χρόνῳ
567 2236 827 2336 ’δοκιμασθεῖσιν
846 2251 949 2332 ἀξίοις
972 2245 1058 2316 εἶναι
1080 2260 1143 2317 τοῦ

83 2381 110 2419 20
124 2361 319 2443 μεταλαβεῖν
348 2358 537 2444 ἐγκρατείας
564 2382 599 2424 τε
625 2356 680 2424 καὶ
710 2366 907 2435 πενταετοῦς
935 2366 1060 2441 σιωπῆς
1086 2356 1143 2423 καὶ

123 2474 181 2548 τῆς
204 2467 306 2550 ἀλλης
328 2465 479 2549 βασάνου
502 2467 598 2550 μόγις
623 2465 760 2530 δίδοται.

69 2576 119 2636 κδ’
217 2573 263 2636 Τὸ
297 2568 334 2635 δὲ
371 2571 607 2656 στρωμάτων
645 2570 877 2649 ἐξαναστάς
913 2570 1143 2636 συνέλασσε

125 2677 222 2742 αὐτὰ
244 2673 309 2742 καὶ
331 2677 400 2741 τὸν
423 2678 547 2741 τύπον
571 2680 817 2762 συνστόρνυε
838 2687 938 2744 τοῦτο
957 2674 1144 2762 παραγγέλ-

124 2789 184 2867 λει,
209 2784 260 2848 ὅτι
283 2787 485 2868 φιλοσοφεῖν
508 2783 767 2869 ἐπιβαλλόμενος
789 2795 922 2868 νοητοῖς
945 2784 1065 2850 λοιπὸν
1087 2780 1144 2848 καὶ

84 2911 110 2952 ει
125 2890 311 2974 ἀσωμάτοις
329 2891 543 2973 προσοικείου
562 2892 713 2956 σεαυτόν.
760 2890 796 2954 ἐκ
817 2899 879 2956 τοῦ
898 2885 962 2956 οὖν
984 2898 1043 2973 τῆς
1061 2888 1145 2972 ἀμα-

124 2999 202 3073 θίας
234 2995 343 3060 ὕπνου
379 2993 435 3060 καὶ
471 2997 687 3072 νυκτοειδοῦς
719 2997 859 3073 σκότους
889 2994 1145 3080 ἐξανιστάμενος

124 3096 230 3187 μηδὲν
253 3110 444 3166 συνεπισπῶ
468 3109 595 3189 σεαυτῷ
623 3101 811 3186 σωματικὸν
835 3102 883 3178 είς
904 3100 942 3166 τὸ
965 3110 1024 3185 τῆς
1047 3106 1145 3186 φιλο-

215 3264 231 3312 5
249 3253 500 3326 προσοικειωμίνοι
519 3258 590 3327 (sic),
610 3258 644 3312 ef.
664 3257 779 3312 Κόλωνος
796 3257 824 3312 1²
837 3263 889 3314 497
901 3275 942 3327 sq.
957 3259 967 3327 ΙΙ
985 3264 1001 3312 6
1021 3277 1057 3326 γα
1098 3277 1144 3327 ρο-

124 3332 213 3392 τιδεῖς
231 3345 265 3383 ex
285 3344 381 3397 apogr.
402 3326 457 3382 Ciz.
472 3328 496 3380 Κ
510 3330 520 3418 β
535 3336 618 3397 12sq.
640 3327 671 3383 έν
690 3349 721 3398 γε
741 3331 866 3398 θυσίαις,
886 3327 1045 3398 decripsit
1088 3351 1095 3384 ι
1119 3332 1150 3385 εἴ

120 3420 151 3452 τε
169 3403 291 3460 θυσίαις
308 3393 350 3468 ἢβ
365 3403 399 3452 14
417 3399 481 3454 fort.
501 3401 626 3454 ανανεοά
641 3403 650 3470 ΙΙ
665 3406 698 3454 15
717 3399 802 3454 παντὶ
820 3418 848 3470 p.
865 3405 925 3468 108,
940 3406 970 3454 2:
991 3396 1070 3469 πάρῦ
1091 3420 1119 3454 τι
1134 3402 1146 3499 β

96 3473 161 3589 1312
160 3469 210 3590 ff?
234 3469 287 3541 δέ]
307 3470 388 3540 λέγει
412 3468 466 3528 δδῖ
492 3471 687 3546 ‘probab'ss'm
709 3471 845 3526 λειουοεω
864 3475 973 3525 muas
996 3472 1063 3526 ante
1088 3467 1132 3526 ἔτι
