2430 3848
352 191 627 253 PROTREPTICUS
647 195 682 263 (c.
697 193 756 250 XX.
772 193 855 263 XXI).
1047 193 1111 258 105

94 371 178 431 σεώς
200 350 256 419 καὶ
279 354 470 441 ἀπόρρητον
490 356 574 440 πρὸς
600 356 660 432 τὰς
686 356 788 433 ἀλλας
816 355 961 440 ἀγωγός,
988 357 1049 421 τὸυ
1073 352 1111 422 δέ

95 461 234 546 δημώδη
266 459 322 526 καὶ
357 462 473 527 κοινὸν
509 462 593 544 πρὸς
629 460 774 544 ἐκείνας,
811 464 924 546 τρίτον
961 458 999 527 δέ
1029 455 1108 548 παρ’

93 567 266 653 ἀμφότερα
289 566 393 652 μέσον
415 565 543 652 ἀμφοῖν
562 567 639 634 οὔτε
661 568 852 634 παντάπασι
876 567 1013 652 δημώδη
1034 567 1111 634 οὔτε

93 675 161 760 μήν
184 675 341 760 ἄντικρυς
364 676 621 760 Πυθαγορικόν,
650 669 722 739 ἀλλ’
749 670 829 739 οὐδὲ
855 672 1112 758 ἀπηλλαγμένον

94 780 282 865 ὁλοσχερῶς
306 777 472 865 ἑκατέρου.
517 781 676 865 τῶνγὰρ
700 779 891 866 λεγομένων
915 784 1138 865 Πυθαγορι-ιι

93 896 165 952 κῶν
187 888 367 970 συμβόλων
389 886 452 951 ὅσα
476 884 518 952 ἀν
539 884 826 971 ἀξιομνημόνευτα
849 886 929 972 ἡμῖν
951 889 1112 973 φαίνηται

94 989 150 1058 καὶ
169 994 206 1058 τὸ
224 994 464 1078 προτρεπτικὸν
483 986 573 1069 εἶδος
592 993 820 1078 παραδεικνόη
840 991 1027 1078 ἐκθέμενοι,
1047 995 1112 1058 διε·

95 1100 271 1183 γνώκαμεν
294 1096 450 1183 ἐξήγησιν
472 1100 681 1183 ποιήσασθαι
703 1099 765 1183 τήν
782 1086 977 1184 πρέπουσαν
1001 1099 1113 1165 αὐτῶν

95 1206 144 1282 είς
161 1205 380 1290 παράκλησιν,
405 1204 441 1271 ἐκ
463 1213 524 1272 τοῦ
543 1205 699 1270 τοιούτου
717 1207 909 1289 νομίζοντες
929 1208 1038 1290 πλήρη
1057 1203 1113 1270 καὶ

96 1309 330 1397 ἐντελεστέραν
351 1313 545 1397 προτροπὴν
573 1313 621 1389 είς
648 1315 856 1396 φιλοσοφίαν
884 1311 1016 1397 ἐνήσειν
1043 1322 1113 1389 τοῖς
1127 1333 1153 1372 10

12 1436 81 1480 1666„
96 1416 344 1503 ἐντευξομένοις
362 1423 490 1503 μᾶλλον
508 1417 529 1502 ή
548 1420 580 1483 εί
601 1419 657 1484 διδ
679 1421 847 1485 πλειόνων
866 1421 989 1503 στίχων
1006 1421 1113 1484 ποιοί-

12 1544 81 1587 ιοεκ.
96 1530 186 1610 μεθα
208 1525 270 1609 τήν
292 1528 495 1610 προτροπήν.
534 1526 623 1590 καθὸ
642 1522 703 1610 μὲν
724 1520 788 1590 οὖν
806 1525 998 1610 ἐξωτερικώς
1020 1548 1113 1602 τινας

97 1630 262 1709 ἐπιλόσεις
299 1628 355 1696 καί
394 1632 510 1707 κοινδις
546 1631 653 1714 ποίσης
688 1633 893 1715 φιλοσοφίας
934 1630 1113 1715 ἐντώξομεν

97 1737 203 1826 αὐτῷ,
228 1738 311 1802 κατὰ
333 1745 432 1802 τοῦτο
455 1736 597 1821 ἡγητέον
621 1738 702 1803 αὐτὸ
725 1739 929 1823 κεχωρίσθαι
953 1739 1112 1819 Πυθαγο·

97 1852 194 1930 ρικοῦ
231 1845 455 1932 βουλήματος,
491 1845 579 1909 καθὸ
617 1841 654 1909 δὲ
690 1843 746 1909 καὶ
781 1845 840 1920 τὰς
874 1853 942 1908 τῶν
977 1841 1112 1927 ἀνδρῶν
1127 1863 1153 1904 16

96 1951 226 2016 τούτων
243 1951 446 2035 κυριωτάτας
468 1949 545 2036 περὶ
568 1948 708 2016 ἕκαστον
728 1950 826 2029 δόξας
844 1947 1112 2033 ἐγκαταμίξομεν,

96 2057 180 2122 κατδι
198 2065 297 2122 τοῦτο
315 2056 415 2122 πόλιν
435 2058 560 2123 οίκεϊον
577 2053 639 2141 μέν
653 2061 917 2143 Πυθαγορικῶν,
936 2054 1113 2141 ἀλλότριον

98 2163 136 2229 δὲ
158 2173 226 2228 τῶν
249 2163 359 2228 ἀλλων
383 2166 582 2248 φιλοσόφων
608 2168 716 2242 καλῶς
743 2166 810 2249 ἔχει
838 2165 999 2229 τίθεσθαι
1022 2162 1113 2229 αὐτό.

97 2271 289 2354 λεληθότως
312 2267 365 2352 δέ,
394 2269 439 2346 ὡς
463 2270 565 2352 εἰκός,
594 2269 907 2353 ἀποπαιδαγυγήσει
930 2266 992 2355 μὲν
1014 2279 1113 2335 τοῦτο

97 2375 184 2461 ἡμᾶς
206 2375 270 2441 ἀπὸ
293 2385 362 2442 τῶν
389 2374 591 2461 ἐξωτερικῶν
620 2375 778 2459 ἐννοιῶν,
807 2374 966 2461 προσέξει
994 2372 1031 2440 δὲ
1058 2373 1114 2439 καὶ
1128 2395 1155 2434 εο

98 2483 263 2548 οἰκειώσει
295 2482 436 2566 μάλιστα
467 2493 539 2559 ταίς
565 2480 796 2568 προκειμέναις
823 2478 876 2546 καὶ
906 2480 987 2545 κατὰ
1014 2481 1114 2562 τήνδε

97 2590 162 2673 τήν
190 2589 320 2674 αἵρεσιν
346 2586 665 2674 τεχνολογουμέναις
693 2590 955 2674 παρακλήσεσιν,
984 2577 1038 2651 οἷοί
1065 2609 1115 2663 τις

97 2693 230 2780 γέφυρα
253 2693 274 2779 ή
292 2692 410 2780 κλίμαξ
428 2684 580 2760 κότώθεν
600 2695 669 2760 ἀνῶ
687 2693 743 2760 καλ
762 2696 809 2772 είς
826 2695 912 2772 ὕψος
931 2692 967 2758 ἐκ
985 2693 1116 2776 βάθους

99 2800 252 2886 ἀνιμῶσα
266 2805 393 2866 πολλοῦ
406 2798 462 2866 καὶ
477 2800 647 2884 ἀνοίγουσα
662 2800 724 2883 τήν
738 2798 878 2865 έκώστου
892 2809 960 2864 τῶν
970 2801 1116 2882 γνησίως

98 2905 332 2993 προσεξόντιον
360 2907 527 2972 διάνοιαν·
560 2908 607 2983 είς
628 2908 693 2990 γὰρ
720 2906 758 2970 τὸ
786 2913 919 2970 τοιοῶτο
950 2902 1007 2969 καὶ
1038 2905 1116 2990 ἐμη-
1129 2923 1156 2964 66

99 3016 234 3098 χανήθη
253 3013 336 3078 κατὰ
354 3015 493 3098 μίμησιν
512 3011 567 3077 καὶ
585 3011 749 3097 ἀπόμαξιν
763 3023 831 3077 τῶν
848 3009 1115 3096 προλεχθέντών.

100 3119 136 3184 οί
170 3121 234 3204 γδρ
271 3121 486 3184 παλαιότατοι
521 3118 578 3185 καὶ
614 3119 703 3209 αὐτῷ
737 3121 1025 3204 συγχρονήσαντες
1060 3115 1116 3183 καὶ

191 3282 276 3347 671)
293 3276 620 3346 106,16cf.vi6.Pyth
636 3282 738 3345 104sq.
753 3279 790 3346 (p
807 3281 849 3343 76,
864 3281 914 3329 ι-
918 3280 950 3329 77
953 3274 1114 3343 Ἰοοιιιας)

193 3423 227 3472 14
245 3412 315 3472 αυτδ
340 3417 479 3489 Scaliger.
498 3413 574 3473 αώτώ
598 3419 608 3487 ή
630 3423 663 3472 27
684 3413 924 3501 συγχρονήσαντες
945 3414 994 3469 hie
1016 3416 1123 3468 eodu-

98 3489 205 3546 rectius
220 3490 510 3558 συγγρονίσαυτες
461 3489 518 3548 71
528 3489 584 3562 Pyt
581 3488 613 3546 h
627 3489 676 3562 (αἱ
691 3489 1109 3612 ek'xmmmwkww
979 3486 1039 3549 ,Μὴ
1050 3481 1148 3591 ’δεῇ

93 3560 172 3614 milit
172 3559 372 3628 σπαταλῶσα
381 3563 612 3638 7)Theologum.
624 3489 753 3622 Aram
761 3579 795 3632 ρ
803 3563 898 3627 Μ).
936 3558 1054 3607 mm
