2430 3848
411 182 681 238 εειονευεειουο
700 182 806 252 (ειν).
989 152 994 158 ’
1072 184 1113 246 21

99 343 179 431 τέρα
193 343 341 428 γέγονεν.
381 345 496 431 οὐγὰρ
511 345 619 421 ἄλλως
633 346 884 429 διαβιωσόμεθα
902 345 984 409 κατά
999 345 1114 429 φύσιν,

101 446 142 516 οὗ
165 452 287 528 πάντες
311 453 537 536 διαφερόντως
560 450 733 536 ἐφιέμεθα,
758 450 815 516 έάν
839 452 882 536 μὴ
907 452 989 516 κατὰ
1012 454 1137 534 λόγον,

102 562 207 642 ζῶμεν
229 559 288 621 τὸν
310 564 408 623 θείου
434 556 572 623 καὶτὸν
596 557 828 641 ἀνθρώπινον,
861 556 940 623 οὐδὲ
963 559 1045 642 ἀλλη
1069 580 1115 642 πη

100 665 402 749 εὐδαιμονησομεν,
436 664 494 729 έάν
521 664 564 748 μὴ
597 664 795 748 κτησώμεθα
830 665 884 729 διά
913 667 1116 748 φιλοσοφίας

34 795 36 799 ’
99 769 155 837 καλ
196 773 422 857 θεωρήσωμεν
457 772 518 854 τὴν
554 781 621 836 τῶν
658 772 766 835 όντων
807 774 984 856 φρόνησιν.
1031 772 1142 853 ἀλλην

100 880 218 942 τοίνυν
237 875 274 941 έν
292 878 422 954 τούτοις
440 877 574 959 τοιαύτη
594 879 741 942 νοείσθω
762 875 928 960 σύμμιξις·
951 875 988 941 έν
1007 875 1115 964 ταύτρλ

100 985 165 1069 γάρ
197 993 372 1070 παρορμᾶν
405 982 563 1069 ἐπιχειρεῖ
598 989 645 1058 είς
681 1005 715 1048 τε
752 983 814 1065 την
846 984 1029 1066 πρακτικὴν
1061 981 1116 1048 καὶ

100 1090 310 1176 θεωρητικὴν
333 1094 549 1175 φιλοσοφίαν.
589 1091 627 1154 τὸ
652 1086 799 1173 μὲνγὰρ
823 1092 1010 1173 κτήσασθαι
1034 1091 1116 1176 φρό-

99 1213 200 1280 νησιν
239 1205 410 1280 ποιητικῆς
450 1199 541 1273 τινός
582 1195 651 1261 ἐστι
692 1193 747 1260 καὶ
783 1204 963 1280 πρακτικῆς
1000 1194 1116 1278 ἀρετῆς

101 1305 212 1388 ἔργον,
236 1297 275 1385 ἧς
298 1300 391 1379 τέλος
414 1303 455 1367 οὐ
478 1303 515 1368 τὸ
538 1304 685 1368 κατιδεῖν
710 1301 821 1378 ἁπλῶς
845 1300 1004 1385 οὑτωσίν,
1033 1299 1116 1366 ἀλλὰ
1132 1323 1157 1362 ιο

100 1410 138 1474 τὸ
165 1411 368 1492 προσλαβεῖν
397 1408 477 1474 αὐτὸ
511 1410 566 1473 διά
596 1420 664 1474 τῶν
693 1409 884 1496 ἐνεργειῶν,
917 1411 954 1473 τό
985 1432 1022 1492 γε
1050 1408 1116 1492 μην

99 1522 272 1602 θεωρῆσαι
313 1524 373 1580 τοῦ
413 1520 623 1601 θεωρητικοῦ
665 1525 728 1581 νοῦ
775 1513 939 1602 ἐνέργημα
981 1515 1116 1599 ὑπῆρχε.

99 1623 183 1708 πρὸς
211 1621 380 1706 ἀμφότερα
407 1625 524 1687 τοίνυν
552 1621 572 1705 ἡ
601 1621 772 1708 προτροπὴ
802 1622 945 1696 δεόντως
967 1619 1116 1705 γέγονεν.

188 1725 277 1794 Ἐπεὶ
300 1731 417 1793 τοίνυν
441 1733 567 1813 μᾶλλον
591 1729 628 1792 τὸ
652 1728 769 1792 κοινὸν
792 1725 847 1791 καλ
872 1729 1039 1792 διατεῖνον
1063 1725 1116 1792 ἐπὶ

101 1836 208 1901 πάντα
227 1844 285 1918 τῆς
303 1838 425 1919 σοφίας
443 1834 575 1918 ἀγαθὸν
595 1835 816 1917 διαφαίνεται,
836 1833 891 1896 καὶ
910 1831 930 1915 η
945 1835 1116 1919 προτροπὴ
1131 1853 1156 1894 15

100 1939 281 2028 τελεωτέρα
307 1942 390 2027 πρὸς
417 1941 497 2007 αὐτὸ
526 1944 674 2024 γίγνεται
703 1941 758 2004 διά
781 1949 848 2004 τῶν
875 1939 1050 2004 τοιούτων·
1080 1938 1117 2003 ’ἀ

101 2049 225 2131 σοφία
240 2047 286 2112 ού
299 2050 391 2134 περί
406 2071 442 2112 τι
460 2046 740 2131 ἀφωρισμένον
759 2045 841 2111 ἐντὶ
859 2058 935 2112 τῶν
954 2046 1116 2130 ἐόντων,
1185 2089 1188 2092 ⁴

22 2173 85 2214 5611
101 2147 183 2218 ἀλλ’
202 2152 571 2240 ἀπλῶςπερδπάντα
585 2155 629 2218 τὰ
648 2152 780 2236 έόυτα,
799 2151 862 2218 καὶ
878 2154 939 2218 δεῖ
952 2154 1000 2239 μὴ
1015 2153 1117 2239 πρώ-

100 2283 171 2325 ταν
186 2259 309 2325 αύτάν
322 2262 389 2338 τὰς
403 2260 521 2346 ἀρχὰς
536 2261 655 2337 αὑτᾶς
670 2259 924 2344 ἀνευρέσθαι,
939 2260 1035 2325 ἀλλά
1049 2261 1117 2337 τάς

20 2387 80 2426 ιιι.
101 2367 239 2443 κοινάς
261 2377 336 2432 τῶν
361 2367 519 2433 ἐόντων·
551 2368 652 2432 ούτω
681 2367 752 2452 γὰρ
782 2369 861 2451 ἔχει
885 2370 1006 2450 σοφία
1028 2364 1157 2448 περλκο

99 2473 228 2537 πάντα
251 2474 295 2538 τὰ
318 2471 434 2539 έόντα
461 2473 510 2550 ὡς
534 2475 623 2551 όψις
650 2470 738 2556 περὶ
766 2471 892 2537 πάντα
920 2471 963 2534 τδι
988 2470 1116 2556 ὁρατά.

98 2579 145 2644 τά
170 2573 222 2643 ὧν
245 2582 403 2645 καθόλω
431 2589 525 2645 πᾶσι
557 2581 832 2664 σνμβεβακότα
860 2574 1117 2643 συνιδδνκαδ

99 2682 255 2770 θεωρέν
295 2696 363 2764 τᾶς
403 2690 548 2772 σοφίας
591 2689 746 2772 οίκῇον,
788 2683 852 2750 καὶ
895 2686 959 2749 διὰ
999 2694 1117 2750 τοῦτο

100 2794 224 2876 σοφία
250 2794 317 2871 τάς
348 2804 424 2859 τῶν
457 2794 605 2860 ἐόντων
638 2792 819 2857 ἀπάντων
852 2791 972 2876 ἀρχὰς
1005 2791 1118 2855 ἀνευ-

100 2897 253 2983 ρίσκει.’
303 2900 403 2966 πάλιν
430 2902 494 2988 γὰρ
527 2900 675 2966 ἐνταῦθα
708 2898 769 2964 οὐκ
802 2898 952 2982 ἀφορίζει
983 2900 1062 2982 περί
1086 2920 1117 2963 τι
1132 2914 1160 2955 2⁵

97 3160 131 3213 ΕΙ
191 3096 286 3216 ἲ6ὲ325
311 3087 330 3146 ἀ
354 3093 441 3162 σοφία
465 3124 499 3134 -
523 3089 696 3163 ἀνευρίσκει]
725 3091 760 3147 ef.
785 3090 941 3146 Perictione
968 3108 1012 3158 ap.
1040 3090 1117 3144 stob.

133 3177 172 3216 or.
257 3202 264 3215 .

190 3327 225 3376 10
239 3324 366 3378 κατιδεῖν
379 3319 431 3394 <τδ
441 3320 595 3396 ἀγαθὸν>λ
609 3323 643 3378 cf.
655 3323 747 3377 Schol.
758 3321 767 3393 λλ
779 3327 810 3375 16
825 3317 989 3386 τελειωτὲρα
999 3319 1008 3391 λλ
1018 3324 1051 3372 19
1066 3315 1117 3372 αύ-

96 3393 148 3455 τάς
168 3391 227 3462 (vel
245 3388 401 3464 αύταύτας)
419 3393 531 3450 Vitelli:
552 3390 640 3456 αύτδις
654 3395 710 3464 {122
728 3385 766 3447 ἀν
781 3392 820 3446 K:
834 3382 873 3445 ὧν
887 3391 950 3460 ἀλλ.
966 3391 1133 3456 &mm

94 3462 181 3606 35⁶0&
196 3483 206 3551 λ
219 3479 417 3555 συμβεβηκότα
434 3485 462 3541 ελ
477 3489 511 3541 23
526 3481 651 3543 οίκεῐονι
670 3484 789 3544 doricas
806 3482 923 3541 λοεφοε
938 3473 1076 3533 tetm'x'z
1083 3471 1164 3520 m-

147 3569 185 3605 τε,
