2430 3848
110 166 152 230 υς
519 163 712 219 ιΑΜοοιοΗι

110 325 171 412 μὲν
196 329 250 393 δεῖ
275 329 492 412 στοχάζεσθαι
520 339 586 391 τῶν
609 335 667 409 τῆς
689 335 811 410 ψυχῆς,
839 326 879 390 τά
905 322 934 389 δ’
963 326 1045 390 ἀλλα
1068 333 1126 408 τῆς

109 442 217 517 ψυχῆς
241 432 337 498 ἕνεκα
359 434 528 518 πράττειν·
550 431 606 497 καὶ
628 434 691 516 γὰρ
714 440 774 496 τοῦ
798 432 948 514 σώματος
966 429 1126 514 ἐπιμελεῖ-

111 546 192 605 σθαι
215 541 276 625 χρὴ
301 540 531 625 ἀναφέροντας
559 539 663 602 αὑτοῦ
691 539 752 621 τὴν
777 535 964 621 ἐπιμέλειαν
988 536 1041 601 ἐπὶ
1062 538 1125 620 τὴν

110 655 167 729 τῆς
190 655 297 730 ψυχῆς
318 647 515 731 ὑπηρεσίαν,
539 643 593 710 καὶ
612 646 652 709 τά
671 646 820 730 χρήματα
837 650 981 708 κτᾶσθαι
1000 645 1053 709 δεῖ
1071 645 1126 709 διά

83 753 147 816 ετὸ
176 764 280 836 σῶμα,
308 754 415 817 πάντα
444 749 481 816 δὲ
508 761 566 835 τῆς
592 760 700 835 ψυχῆς
730 749 825 815 ἕνεκα
855 751 1040 814 διατάττειν
1070 748 1125 815 καὶ

110 869 177 922 τῶν
199 868 257 941 τῆς
280 867 387 942 ψυχῆς
410 857 584 943 ἀρχουσῶν
597 859 791 942 δυνάμεων.
832 858 862 921 εί
884 857 925 939 δὴ
945 865 1045 921 τοῦτο
1070 857 1123 921 οὑ-

110 988 174 1040 τως
202 966 282 1048 ἔχει,
314 960 415 1029 οὐδὲν
442 975 509 1030 τῶν
539 966 685 1030 δεόντων
712 965 915 1049 πράττουσιν
946 963 1020 1028 ὅσοι
1047 986 1126 1047 χρη·
1176 971 1177 974 ’

111 1070 222 1154 μάτων
250 1067 311 1153 μὲν
338 1068 414 1155 πέρι
441 1072 502 1154 τὴν
525 1080 635 1135 πᾶσαν
664 1071 816 1154 σπουδὴν
842 1071 970 1153 ἔχουσι,
1002 1069 1127 1133 δικαιο-
1141 1085 1188 1128 ειι

111 1176 214 1259 σύνης
238 1173 275 1240 δὲ
299 1176 457 1260 ἀμελοῦσι
482 1173 525 1240 δι’
553 1176 596 1259 ἣν
620 1176 823 1260 ἐπιστάμεθα
847 1175 960 1261 ὀρθῶς
980 1180 1127 1260 χρῆσθαι

71 1304 97 1343 10
110 1294 180 1359 τοῖς
203 1285 362 1368 χρήμασι,
390 1280 529 1347 καὶτοῦ
557 1279 618 1366 μὲν
643 1286 700 1366 ζῆν
722 1281 777 1348 καὶ
801 1283 966 1366 ὑγιαίνειν
990 1284 1127 1367 φροντί-

112 1392 204 1467 ζουσι
227 1397 272 1475 τςῦ
296 1389 438 1471 σώματι,
466 1397 527 1452 τοῦ
551 1385 588 1452 δὲ
612 1388 723 1473 ὀρθῶς
749 1395 895 1474 χρῆσθαι
918 1395 958 1474 τῇ
984 1391 1047 1473 ζωῇ
1071 1386 1126 1452 καὶ

90 1503 149 1579 ,τῇ
173 1494 269 1581 ὑγεία
293 1494 463 1578 ἀμελοῦσι,
487 1492 542 1559 καὶ
565 1503 622 1578 τῆς
645 1492 705 1580 μὲν
727 1497 828 1578 ἀλλης
846 1496 999 1571 παιδείας
1017 1493 1126 1578 ἐπιμε-

111 1604 248 1665 λοῦνται
283 1599 326 1665 δι’
358 1601 401 1684 ἣν
429 1599 588 1666 οὐδέποτε
616 1601 839 1685 ὑμονοιγτικὴν
868 1604 985 1686 φιλίαν
1008 1603 1127 1683 κτήσα-

111 1714 193 1772 σθαι
217 1707 394 1791 δύνανται,
417 1708 478 1791 τὴν
505 1705 541 1772 δὲ
563 1717 621 1790 τῆς
644 1707 801 1791 ὁμονοίας
825 1707 973 1792 ἀρχηγὸν
996 1705 1127 1789 ἐπιστή-

71 1833 96 1873 15
111 1837 177 1896 μην
205 1823 398 1899 παρορῶσιν
425 1815 496 1898 ἥτις
526 1815 581 1878 διά
609 1817 811 1899 φιλοσοφίας
840 1815 944 1897 μόνης
968 1814 1127 1879 κάλλιστα

110 1924 359 2005 παραγίγνεται,
378 1917 433 1984 καὶ
451 1930 523 1996 ταῖς
542 1916 603 2003 μὲν
621 1919 778 2006 πράξεσιν
798 1919 1012 2005 ἐπιχειροῦσι,
1032 1920 1069 1985 τὸ
1091 1916 1129 1984 δὲ

110 2035 179 2102 πῶς
204 2027 257 2092 δεῖ
272 2025 427 2110 πράττειν
451 2023 591 2090 ἕκαστον
609 2036 676 2091 τῶν
696 2029 803 2111 ἔργων
824 2027 900 2092 οὔτε
920 2032 1031 2091 ἴσασιν
1051 2026 1127 2091 οὑτε

111 2135 306 2214 λογίζονται.

197 2231 266 2300 Ἀπ’
289 2238 390 2319 ἀλλης
414 2233 450 2301 δὲ
475 2236 575 2323 ἀρχῆς
599 2239 768 2323 διαιροῦσι
790 2239 831 2302 τά
853 2247 1004 2303 τοιαῦτα·
1027 2236 1188 2325 χωρὶςιοι

71 2363 97 2402 ιο
112 2342 285 2427 δήπουθέν
309 2341 399 2408 ἐστιν
423 2343 521 2421 αὐτὸς
545 2343 692 2427 ἕκαστος,
715 2345 752 2409 τὸ
777 2342 908 2427 ἑαυτοῦ,
933 2343 1041 2410 ἀίστι
1059 2355 1128 2410 τῶν

111 2450 223 2515 αὑτοῦ.
270 2449 369 2526 αὐτὸς
397 2446 457 2533 μὲν
489 2445 551 2515 οὖν
579 2436 714 2527 ἕκαστός
741 2449 832 2515 ἐστιν
859 2451 997 2535 ἡμῦνὴ
1025 2455 1128 2536 ψυχή,

110 2558 147 2621 τὸ
173 2551 203 2621 δ’
231 2556 335 2620 αὑτοῦ
359 2554 427 2621 ἐστι
451 2557 487 2621 τὸ
511 2568 605 2640 σῶμα
632 2555 688 2620 καὶ
710 2557 750 2620 τά
772 2565 834 2620 τοῦ
858 2558 1022 2641 σώματος,
1047 2557 1068 2622 ἀ
1092 2555 1124 2622 δ’

112 2659 180 2726 ἐστὶ
203 2672 271 2726 τῶν
295 2661 414 2744 αὑτοῦ,
438 2663 477 2725 τά
500 2662 649 2746 χρήματά
673 2661 778 2744 ἐστιν,
805 2662 867 2728 ὅσα
890 2672 950 2728 τοῦ
975 2664 1127 2748 σώματος

112 2767 207 2833 ἕνεκα
230 2768 393 2850 κτώμεθα.
436 2765 490 2831 καὶ
514 2766 687 2852 ἐπιστῆμαι
710 2771 828 2832 τοίνυν
850 2780 939 2856 τρεῖς
962 2771 1049 2835 είσιν
1073 2769 1127 2836 ἐπὶ

72 2892 97 2932 25
112 2885 181 2951 τοῖς
216 2872 304 2959 τρισὶ
341 2874 472 2951 τούτοις
508 2874 705 2960 πράγμασιν.
753 2875 770 2940 ὁ
803 2871 864 2959 μὲν
898 2866 960 2941 οὖν
992 2879 1032 2942 τά
1064 2887 1127 2942 τοῦ

112 2981 262 3062 σώματος
280 2981 466 3062 γινώσκων,
489 2982 529 3045 τά
548 2980 652 3045 αὑτοῦ
676 2975 747 3045 ἀλλ’
769 2981 830 3065 οὐχ
850 2981 952 3046 αὑτὸν
971 2985 1125 3066 ἔγνωκεν.

183 3196 198 3245 ’ί
209 3183 351 3271 εφοὺδδν
362 3219 395 3229 ·-
407 3186 513 3259 ἔχοντι]
525 3189 559 3244 of.
570 3189 641 3247 Plat.
652 3189 772 3259 Clitoph.
783 3209 810 3260 p.
820 3190 902 3246 407ss
917 3192 925 3260 Ιλ
941 3196 982 3246 19.
998 3211 1025 3262 p.
1036 3199 1079 3261 29,
1092 3200 1125 3248 10

111 3259 184 3315 Plat.
198 3259 289 3314 Almb.
304 3258 317 3311 1
335 3278 362 3329 p.
379 3264 430 3314 130
441 3258 463 3312 Ε
476 3277 536 3330 sqq.

177 3461 196 3538 μ
216 3456 250 3535 cg}
269 3454 345 3525 φυγῇ
357 3455 527 3540 μετεῖοΙοτίῖ
542 3454 638 3510 Vitelli
651 3457 660 3524 ΙΙ
676 3462 691 3511 7
702 3456 775 3543 Npost
788 3450 850 3510 ὅσοι
864 3458 908 3511 est
921 3477 959 3527 μη
975 3457 1099 3512 deletum
1113 3460 1134 3528 ΙΓ

86 3526 125 3570 21
142 3540 241 3576 αυτου
259 3525 300 3578 K:
319 3525 413 3582 αὐτου
426 3531 439 3599 ΙΙ
452 3534 486 3584 23
509 3523 569 3584 ἔστι
588 3526 682 3602 <καὶ>
702 3534 773 3584 οοαῖ
