2430 3848
147 205 189 270 70
553 203 743 261 IAMBLIGHI

145 364 200 433 καὶ
223 368 342 444 λύπαις
365 365 486 451 ἑαυτήν
509 365 610 431 πάλιν
629 361 672 432 αὖ
695 366 888 450 ἐγκαταδεῑν
911 365 967 431 καλ
989 366 1159 450 ἀνήνυτον
1172 388 1205 429 ια

146 477 247 559 ἔργον
269 475 435 560 πράττειν,
460 476 654 556 Πενελόπης
675 474 751 538 τινὰ
769 472 928 551 ἐναντίως
951 474 1044 539 ίστὸν
1063 496 1160 557 μετα-

145 577 382 666 γειριζομένης·
411 580 494 646 ἀλλά
520 581 670 664 γαλήνην
697 580 826 645 τούτων
852 581 1159 666 παρασκευάζουσα,

146 684 289 771 ἑπομένη
308 696 353 774 τῷ
373 691 520 773 λογισμῷ
539 683 595 750 καὶ
612 683 663 750 ἀεὶ
682 685 844 772 ἐντούτῳ
864 681 959 768 οὖσα,
977 688 1015 752 τὸ
1035 683 1161 770 ἀληθὲς

73 783 76 787 ’
119 791 201 858 σκαὶ
232 795 270 858 τὸ
306 800 405 858 θείου
437 790 492 857 καὶ
528 793 565 858 τὸ
602 791 787 872 ἀδόξαστον
820 791 975 877 θεωμένη
1011 791 1068 857 καὶ
1100 789 1157 858 ὑπ’

146 899 276 964 ἐκείνου
294 898 491 985 τρεφομένη,
516 902 574 983 ζῆν
591 922 626 963 τε
646 904 750 964 οίεται
768 899 855 965 οὕτω
879 900 950 965 δείν
969 897 1031 976 ἕως
1049 898 1092 964 ἀν
1113 902 1159 984 ζή,

145 1003 200 1070 καὶ
232 1005 368 1071 ἐπειδάν
399 1007 578 1090 τελευτήση
612 1006 659 1082 είς
694 1005 731 1069 τὸ
767 1002 924 1088 ξυγγενὲς
954 1004 1011 1071 καὶ
1043 1007 1090 1082 είς
1121 1008 1160 1071 τὸ

144 1121 299 1177 τοιοῦτον
340 1110 523 1198 ἀφικομένη
570 1111 780 1196 ἀπηλλάχθαι
821 1122 889 1177 τῶν
932 1111 1161 1197 ἀνθρωπίνων

144 1230 264 1285 κακῶν.
312 1219 348 1284 ἐκ
380 1219 421 1302 δή
453 1226 511 1302 τῆς
541 1218 696 1301 τοιαύτης
728 1217 854 1302 ἐφόδου
892 1221 1047 1303 φαίνεται
1078 1218 1160 1303 ήμίν

105 1347 132 1386 ιο
146 1328 329 1410 φιλοσοφία
357 1325 551 1408 ἀπαλλαγήν
577 1334 644 1389 τῶν
673 1323 898 1410 ἀνθρωπίνων
922 1325 1055 1409 δεσμῶν
1077 1346 1161 1410 παρ-

146 1429 234 1514 έχειν
256 1429 311 1494 καὶ
335 1431 433 1496 λύσιν
456 1439 513 1513 τής
542 1428 702 1513 γενέσεως
730 1428 786 1496 καὶ
809 1433 1021 1517 περιαγωγὴν
1045 1429 1098 1496 ἐπὶ
1121 1433 1159 1497 τὸ

146 1535 186 1602 δν
205 1535 261 1602 καὶ
283 1547 410 1620 γνῶσιν
428 1543 486 1620 τῆς
509 1537 614 1614 ὄντως
636 1536 796 1622 ἀληθείας
817 1535 873 1602 καὶ
896 1539 1064 1623 κάθαρσιν
1087 1548 1160 1615 ταῖς

145 1653 274 1728 ψυχαίς.
312 1645 344 1708 εί
365 1640 402 1708 δὲ
425 1642 587 1730 ἐντούτῳ
611 1644 752 1724 μάλιστά
775 1643 865 1709 ἐστιν
883 1644 904 1726 ή
924 1645 1029 1722 ὅντως
1047 1644 1161 1710 εὐδαι-

146 1752 262 1834 μονία,
291 1747 520 1817 σπουδαστέον
542 1747 618 1836 περὶ
643 1751 763 1834 αὐτήν,
791 1756 883 1836 είπερ
911 1751 1016 1828 ὅντως
1038 1754 1160 1835 βουλό-

106 1877 132 1918 15
146 1863 234 1940 μεθα
257 1858 412 1943 μακάριοι
435 1851 530 1923 εἶναι.

232 1957 329 2029 Ἀλλά
351 1965 418 2047 μήν
440 1961 495 2028 καὶ
517 1964 594 2028 τόδε
616 1964 840 2047 διανοηθῆναι
864 1961 968 2045 ἀξιον,
992 1963 1043 2028 ὅτι
1066 1969 1159 2048 είπερ
1173 1983 1198 2024 ω

145 2070 166 2152 ἡ
190 2071 279 2153 ψυχή
303 2069 481 2152 ἀθάνατος,
506 2070 690 2153 ἐπιμελείας
714 2070 755 2153 δή
781 2071 886 2134 δείται
909 2070 970 2154 οὐχ
994 2066 1078 2155 ὑπὲρ
1101 2079 1163 2136 τοῦ

146 2178 272 2261 χρόνον
304 2178 412 2259 μόνον
443 2175 565 2241 τούτου
593 2176 630 2240 ἐν
658 2167 684 2263 ᾧ
715 2180 881 2260 καλοῦμεν
913 2178 950 2240 τὸ
980 2179 1052 2259 ζήν,
1086 2173 1159 2241 ἀλλ’

145 2278 229 2367 ὑπὲρ
252 2291 314 2347 τοῦ
336 2285 471 2364 παντός,
499 2281 555 2346 καὶ
578 2281 596 2347 ὁ
619 2282 779 2358 κίνδυνος
801 2292 866 2347 νῦν
890 2283 931 2367 δή
955 2280 1010 2348 καὶ
1034 2282 1163 2360 δόξειεν

106 2407 132 2448 ιο
147 2386 189 2453 ἀν
218 2390 328 2467 δεινὸς
353 2384 454 2473 εἶναι,
484 2396 518 2455 εί
540 2413 589 2467 τις
617 2389 718 2475 αὐτῆς
747 2389 910 2474 ἀμελήσει.
958 2391 989 2454 εί
1014 2385 1163 2473 μὲνγὰρ

145 2490 189 2578 ήν
212 2495 231 2561 δ
258 2498 405 2573 θάνατος
432 2504 493 2561 τοῦ
520 2497 643 2572 παντὸς
670 2495 856 2578 ἀπαλλαγή,
885 2493 1024 2579 ἕρμαιον
1051 2494 1093 2560 ἀν
1116 2490 1161 2578 ἦν
1174 2513 1205 2555 ια

146 2612 216 2677 τοίς
246 2612 360 2679 κακοίς
392 2602 603 2666 ἀποθανοῦσι
630 2609 691 2666 τοῦ
722 2624 757 2666 τε
786 2602 936 2685 σώματος
967 2601 1034 2685 ἅμα
1061 2600 1162 2685 ἀπηλ-

146 2706 270 2791 λάχθαι
298 2704 354 2772 καὶ
381 2716 438 2790 τῆς
470 2705 581 2772 αὑτῶν
608 2707 724 2784 κακίας
753 2707 834 2790 μετὰ
862 2715 920 2790 της
946 2716 1067 2792 ψυχῆς·
1097 2716 1163 2774 νῦν

148 2809 185 2878 δὲ
213 2813 325 2897 ἐπειδή
354 2812 523 2890 ἀθάνατος
555 2816 709 2897 φαίνεται
739 2807 839 2896 οὖσα,
872 2812 1012 2897 οὐδεμία
1040 2812 1082 2879 ἀν
1110 2820 1162 2898 είη

106 2937 133 2978 ω
148 2918 230 3003 αὐτή
255 2921 337 3002 άλλη
361 2919 517 3004 ἀποφυγή
536 2930 646 2984 κακῶν
665 2914 746 2983 οὐδὲ
765 2921 911 3004 σωτηρία
932 2920 1020 3003 πλήν
1038 2929 1098 2985 τοῦ
1117 2921 1163 2997 ὡς

146 3026 322 3108 βελτίστην
344 3048 379 3090 τε
401 3023 457 3091 καὶ
475 3026 732 3110 φρονιμωτάτην
755 3023 924 3108 γενέσθαι.
972 3023 1074 3091 οὐδὲν
1096 3028 1162 3112 γάρ

147 3131 228 3196 ἀλλο
262 3133 382 3215 ἔχουσα
420 3133 467 3208 είς
495 3129 614 3198 ’Ἅιδου
643 3131 664 3215 ή
697 3132 786 3216 ψυχή
820 3133 949 3216 ἔρχεται
985 3134 1072 3216 πλήν
1104 3142 1163 3216 τής

146 3238 299 3313 παιδείας
329 3259 365 3303 τε
396 3235 451 3303 καί
482 3247 622 3322 τροφής,
655 3236 676 3301 ἀ
709 3238 750 3321 δή
783 3235 838 3303 καὶ
868 3236 997 3320 λέγεται
1024 3237 1163 3322 με’γιστα

147 3343 289 3429 ὠφελεῖν
313 3342 333 3428 ή
356 3344 515 3429 βλάπτειν
536 3345 597 3409 τὸν
619 3345 859 3427 τελευτήσαντα
889 3344 995 3421 εὐθὺς
1017 3343 1055 3409 ἐν
1077 3344 1162 3431 ἀρχή

214 3576 259 3624 16.
277 3587 309 3638 μ,
331 3579 406 3641 71,1
428 3573 506 3629 plat.
525 3573 676 3632 Phaedon.
693 3591 724 3644 ρ,
739 3577 789 3628 ὶδῑ
800 3571 898 3626 Β-ὒ.
