2430 3848
390 184 660 242 εεοειιεενιοοε
680 187 714 255 (ι.
729 186 774 255 ν).
1047 184 1087 248 31

73 350 160 412 κότι·
183 353 228 434 τῷ
254 342 290 411 δὲ
313 343 388 432 περὶ
412 347 638 432 φιλομάθειαν
661 345 717 412 καί
744 343 818 430 περὶ
844 348 902 424 τάς
930 355 988 430 τῆς
1012 346 1089 430 ἀλη-

74 455 172 529 θείας
194 454 375 538 φρονήσεις
398 451 616 518 ἐσπουδακότι
642 451 696 517 καὶ
724 461 827 518 ταῦτα
855 453 994 537 μάλιστα
1022 464 1089 518 τῶν

75 558 181 624 αὑτοῦ
203 557 476 645 γεγυμνασμένῳ,
500 569 641 644 φρονεῖν
663 554 724 642 μὲν
744 557 897 624 ἀθάνατα
920 557 976 624 καὶ
998 566 1087 643 θεῖα,

75 667 180 751 άνπερ
200 663 359 747 ἀληθείας
379 663 571 749 ἐφάπτηται,
590 675 679 731 πᾶσα
696 665 822 749 ἀνάγκη
841 688 919 748 που,
938 668 1089 731 καθόσον

76 769 107 836 δ’
126 766 169 836 αὖ
183 782 356 855 μετασχεῖν
370 771 568 857 ἀνθρωπίνῃ
584 771 684 856 φύσει
702 771 891 848 ἀθανασίας
909 771 1116 857 ένδέγεται,ε

75 879 198 944 τούτου
221 872 326 961 μηδὲν
350 874 448 960 μέρος
471 876 676 961 ἀπολείπειν,
706 879 762 942 άτε
785 879 826 961 δή
851 877 902 943 ἀεὶ
923 885 1089 965 θεραπευ-

77 1006 157 1049 οντα
179 983 217 1048 τὸ
240 989 338 1046 θεῖον
362 982 480 1066 ἔχοντά
506 1006 541 1048 τε
569 983 672 1047 αὐτὸν
697 978 735 1048 εὖ
757 983 1007 1069 κεκοσμημένον
1030 987 1089 1051 τὸν

33 1112 62 1152 τε
78 1092 221 1174 δαίμονα
240 1087 396 1166 ξύνοικον
416 1087 532 1177 ἑαυτῷ,
552 1090 779 1175 διαφερόντως
798 1091 980 1175 εὐδαίμονα
994 1087 1088 1157 εἶναι.

75 1199 237 1282 θεραπεία
261 1195 298 1264 δὲ
321 1201 362 1283 δή
386 1197 485 1266 παντὶ
507 1200 630 1276 παντὸς
650 1202 719 1284 μία,
742 1201 800 1277 τάς
824 1201 946 1276 οίκείας
965 1197 1089 1285 ἑκάστῳ

75 1306 204 1389 τροφάς
225 1303 280 1370 καὶ
302 1309 449 1389 κινήσεις
471 1305 684 1371 ἀποδιδόναι·
712 1314 757 1394 τῷ
783 1300 813 1370 δ’
840 1305 876 1372 ἐν
899 1305 981 1390 ἡμῖν
1003 1309 1088 1393 θείφ
1103 1329 1129 1369 1⁰

76 1410 246 1494 ξυγγενεῖς
268 1413 332 1476 είσι
355 1415 501 1496 κινήσεις
524 1415 561 1476 αί
584 1420 645 1477 τοῦ
675 1413 797 1489 παντὸς
822 1414 1011 1496 διανοήσεις
1033 1410 1088 1477 καὶ

28 1537 63 1578 ιε.
76 1520 265 1604 περιφοραί.
311 1520 444 1596 ταύταις
474 1518 514 1600 δή
539 1512 602 1583 οὖν
625 1517 850 1603 ξυνεπόμενον
873 1518 1015 1585 ἕκαστον
1039 1520 1092 1584 δεῖ

76 1625 132 1701 τάς
165 1622 241 1708 περὶ
272 1625 334 1708 τήν
363 1624 496 1707 γένεσιν
533 1623 569 1689 έν
601 1632 640 1708 τή
673 1629 801 1709 κεφαλή
838 1624 1090 1712 διεφθαρμένας

76 1729 170 1814 ἡμῶν
193 1733 371 1812 περιόδους
393 1729 575 1816 έξορθοῦν,
600 1729 655 1793 διὰ
678 1731 715 1794 τὸ
738 1731 1010 1813 καταμανθάνειν
1032 1733 1090 1807 τάς

76 1844 136 1901 τοῦ
154 1837 278 1914 παντὸς
296 1836 458 1923 ἁρμονίας
476 1834 530 1901 καὶ
549 1837 744 1923 περιφοράς,
767 1845 812 1924 τῷ
831 1835 1088 1922 καταυοουμένφ
1104 1859 1129 1899 15

78 1939 113 2007 δέ
136 1944 174 2007 τὸ
196 1953 385 2008 κατανοοῦν
409 1941 605 2027 ἐξομοιῶσαι
627 1943 709 2007 κατά
731 1943 792 2025 τήν
811 1941 952 2027 ἀρχαίαν
974 1943 1089 2027 φύσιν,

77 2048 287 2133 δμοιάσαντα
306 2045 342 2114 δὲ
360 2048 454 2126 τέλος
472 2050 559 2133 ἔχειν
577 2057 639 2113 τοῦ
656 2047 878 2135 προτεθέντος
897 2049 1091 2135 ἀνθρώποις

77 2154 141 2221 ὑπὸ
164 2162 256 2220 θεῶν
280 2155 417 2240 ἀρίστου
441 2157 518 2238 βίου
542 2157 624 2239 πρός
646 2178 681 2220 τε
704 2156 764 2220 τὸν
782 2157 931 2242 παρόντα
954 2154 1090 2221 καὶτὸν

78 2263 188 2327 ἔπειτα
215 2264 347 2347 χρόνον.
394 2262 435 2327 οὐ
462 2263 527 2346 γάρ
556 2263 597 2345 δή
626 2266 791 2326 λυσιτελεῖ
815 2263 852 2327 τὸ
876 2264 1091 2328 παντοδαπὸν

78 2372 203 2453 θηρίον
226 2370 335 2456 ὥσπερ
358 2370 421 2452 τήν
440 2369 622 2452 ἐπιθυμίαν
642 2369 850 2452 εὐωχοῦντας
872 2380 981 2433 ποιεῖν
1001 2370 1090 2453 ίσγυ-
1104 2391 1131 2430 εο

79 2477 155 2558 ρόν,
185 2471 264 2540 οὐδὲ
291 2477 350 2540 τὸν
378 2474 496 2541 λέοντα
525 2466 598 2540 οἷον
629 2476 689 2539 τὸν
720 2475 834 2559 θυμὸν
865 2473 919 2539 καὶ
946 2475 986 2539 τά
1016 2473 1091 2559 περὶ

78 2583 137 2646 τὸν
160 2580 279 2646 λέοντα
301 2579 438 2667 τρέφειν
462 2581 555 2660 ἀξιον
578 2579 633 2647 καὶ
662 2582 781 2665 ίσχυρά
808 2592 917 2647 ποιεῖν
941 2581 977 2646 έν
1000 2581 1091 2665 ήμῖν,

28 2701 68 2743 ⁸11-
79 2690 137 2754 τὸν
167 2685 203 2753 δὲ
231 2690 414 2774 ἀνθρωπον
443 2690 552 2776 ὥσπερ
579 2690 639 2753 τὸν
670 2692 773 2772 λόγον
801 2694 1010 2773 λιμοκτονεῖν
1036 2688 1091 2754 καὶ

80 2804 187 2859 ποιεῖν
211 2793 349 2879 ἀσθενῆ,
373 2796 418 2872 ὡς
440 2794 596 2861 ἕλκεσθαι
619 2795 682 2880 ὅπη
707 2793 749 2858 ἀν
773 2793 909 2860 ἐκείνων
929 2795 1091 2878 ὁπότερον

81 2901 157 2986 ἀγη,
185 2898 241 2966 καὶ
268 2898 373 2986 μηδὲν
396 2901 512 2987 ἕτερον
539 2899 639 2988 ἑτέρφ
668 2904 856 2979 συνεθίζειν
880 2898 963 2985 μηδὲ
988 2903 1089 2985 φίλου
1104 2920 1130 2960 τε

80 3017 200 3072 ποιεῖν·
225 3006 307 3073 ἀλλὰ
330 3011 415 3073 πολὺ
439 3013 566 3090 μᾶλλον
588 3009 648 3073 τὸν
672 3006 709 3072 έν
731 3007 812 3091 ἡμῖν
835 3014 933 3074 θεῖον
957 3009 1090 3093 ἀνθρω-

81 3134 144 3178 πον
172 3123 233 3178 τοῦ
261 3114 496 3198 πολυκεφάλου
527 3111 717 3199 θρέμματος
750 3113 889 3200 ἐγκρατῆ
922 3112 1089 3197 ποιητέου,

170 3312 211 3360 19.
230 3323 258 3375 p.
274 3311 315 3374 33,
331 3311 365 3360 27
384 3304 457 3362 Plat.
476 3304 559 3360 civit.
573 3304 612 3358 IX
630 3323 676 3374 pp.
695 3306 911 3361 588E-591E.

82 3416 293 3424 —ss

170 3490 184 3538 1
200 3479 393 3552 φιλομάθειαν
400 3480 463 3538 PK:
477 3483 675 3556 φιλομαθείας
687 3484 702 3556 Q
713 3489 733 3542 8
743 3476 948 3554 ξυνοικὶιυήέυ
965 3471 1140 3543 αυτέηἳἜ-ΧΧ

79 3559 112 3604 12
128 3552 257 3623 τούτοις]
270 3551 337 3609 δίον
354 3571 461 3612 novum
482 3559 574 3632 caput
592 3557 659 3632 (VI)
677 3559 712 3615 'm
733 3556 799 3616 AR.
