2430 3848
345 178 619 235 PROTREPTlcUs
638 181 672 250 (ι.
687 179 733 235 τι.
748 179 820 249 τα).
1047 179 1090 240 41

73 350 132 425 της
146 339 344 426 οἰκουμένης
358 342 419 425 την
435 341 601 423 διάνοιαν,
616 341 738 425 ὁμοίως
756 344 970 427 πανταχόθεν
981 342 1091 425 ὥσπερ

74 450 247 537 παρούσης
269 450 404 514 ἀπτεται
426 458 484 534 τῆς
502 449 670 533 ἀληθείας.
712 449 837 514 οὐκοῦν
861 446 1092 514 ἀποδέδεικται

74 554 130 622 καὶ
154 556 205 620 ὅτι
234 557 380 621 δυνατὸν
403 553 458 620 καὶ
487 557 573 620 διότι
595 554 752 640 μέγιστον
781 565 849 620 τῶν
873 555 1013 638 ἀγαθῶν
1036 552 1091 619 καὶ

73 666 262 746 κτήσασθαι
291 659 410 749 ῥᾴδιον
437 662 458 745 ἡ
487 666 687 747 φιλοσοφία,
718 663 802 728 ὥστε
832 662 967 727 πάντων
995 661 1092 727 ἕνεκα

75 770 261 855 προθύμως
284 769 385 852 αὐτῆς
408 768 714 852 ἀντιλαμβάνεσθαι
737 768 840 848 ἀξιον.
1106 786 1119 825 5

165 876 238 942 VII.
252 874 339 940 ’Ίθοι
354 873 384 940 δ’
402 876 444 940 ἀν
458 897 508 952 τις
520 875 558 940 τὸ
573 874 653 940 αύτὸ
668 875 924 961 γνωριμώτερον
938 873 1002 939 ἀπὸ
1016 875 1092 940 τού-

74 1005 151 1047 των.
187 983 224 1046 τὸ
249 992 389 1068 φρονεῖν
403 979 459 1046 καὶ
474 981 730 1064 τὸγιγνύσκειν
749 977 840 1046 ἐστὶν
859 982 992 1065 αίρετὸν
1010 976 1089 1046 καθ’

75 1088 156 1153 αὑτὸ
170 1099 240 1166 τοῖς
254 1088 448 1175 ἀνθρώποις
466 1084 560 1177 (οὐδὲ
574 1089 638 1172 γάρ
658 1091 715 1171 ζῆν
735 1088 880 1152 δυνατὸν
900 1088 945 1164 ὡς
959 1087 1092 1172 ἀνθρύ-

73 1217 150 1272 ποις
173 1197 255 1260 ἀνευ
277 1194 430 1282 τούτων),
455 1197 618 1281 χρήσιμόν
636 1217 671 1259 τε
690 1195 737 1270 είς
755 1195 815 1258 τὸν
839 1195 915 1277 βίον
939 1194 1092 1280 ὑπάρχει·

30 1319 59 1360 Δ.
75 1298 178 1367 οὐδὲν
200 1302 264 1386 γὰρ
282 1300 363 1385 ἡμίν
382 1301 512 1386 ἀγαθὸν
531 1304 779 1387 παραγίγνεται,
804 1300 822 1365 ὅ
840 1323 873 1364 τι
895 1301 939 1384 μὴ
959 1305 1092 1384 λογισα-
1108 1324 1134 1363 10

75 1405 189 1493 μένοις
211 1405 367 1472 καὶκατὰ
386 1411 553 1493 φρόνησιν
573 1407 791 1493 ἐνεργήσασιυ
808 1412 1001 1473 τελειοῦται.
1038 1406 1093 1473 καὶ

75 1515 143 1598 μὴν
166 1519 231 1578 ελτε
249 1515 287 1579 τὸ
307 1518 365 1598 ζῆν
384 1514 592 1598 εὐδαιμόνως
610 1513 647 1579 ἐν
660 1522 706 1603 τῷ
724 1517 853 1599 χαίρειν
867 1513 958 1600 ἐστὶν
972 1522 1037 1581 ελτε
1056 1515 1093 1582 ἐν

74 1627 121 1708 τῷ
144 1622 207 1704 τὴν
230 1620 351 1706 ἀρετὴν
374 1622 461 1704 ἔχειν
485 1625 549 1685 είτε
572 1619 609 1686 ἐν
628 1629 667 1705 τῇ
692 1624 865 1705 φρονήσει,
889 1623 971 1686 κατὰ
989 1630 1093 1687 ταῦτα

74 1726 184 1791 πάντα
198 1726 461 1812 φιλοσοφητέον·
480 1728 583 1791 ταῦτα
602 1727 664 1812 γὰρ
679 1726 821 1810 μάλιστα
836 1725 892 1791 καὶ
907 1728 1093 1813 είλικρινῶς

76 1834 133 1897 θιά
155 1842 217 1898 τοῦ
240 1839 442 1918 φιλοσοφεῖν
464 1833 544 1917 ἡμῖν
568 1834 815 1917 παραγίγνεται.
852 1835 900 1896 ἔτι
918 1836 1036 1898 τοίνυν
1054 1835 1092 1898 τὸ
1108 1855 1135 1896 15

76 1938 138 2023 μέν
163 1939 231 2004 ἐστι
258 1940 347 2024 ψυχὴ
371 1950 438 2004 τῶν
462 1938 499 2004 ἐν
522 1939 662 2023 ἡμῖντὸ
686 1935 723 2004 δὲ
746 1950 855 2023 σῶμα,
883 1937 938 2004 καλ
966 1941 1004 2004 τὸ
1033 1937 1094 2024 μὲν

77 2047 171 2131 ἄρχει
189 2047 226 2111 τὸ
246 2043 283 2111 δὲ
301 2048 445 2140 ἄρχεται,
467 2044 578 2111 καὶτὸ
598 2041 658 2130 μὲν
677 2055 795 2132 χρῆται
813 2047 850 2110 τὸ
870 2041 901 2110 δ’
923 2045 1094 2111 ὑπόκειται

77 2153 122 2230 ὡς
146 2154 301 2238 όργανον.
348 2152 398 2217 ἀεὶ
425 2156 543 2218 τοίνυν
565 2146 649 2234 πρὸς
675 2154 713 2217 τὸ
737 2154 841 2238 ἀρχον
865 2150 920 2218 καὶ
948 2154 986 2218 τὸ
1009 2155 1094 2244 χρόν-

77 2283 182 2344 μενον
205 2260 417 2325 συντάττεται
439 2260 460 2343 η
483 2267 544 2325 τού
568 2259 757 2344 ἀρχομένου
784 2257 923 2326 καὶτοῦ
946 2260 1094 2345 ὀργάνου

75 2369 180 2452 χρεία.
225 2375 282 2450 τῆς
311 2363 347 2431 δὲ
375 2374 482 2451 ψυχῆς
509 2366 546 2430 τὸ
575 2361 637 2449 μὲν
665 2367 765 2449 λόγος
792 2363 883 2430 ἐστὶν
907 2366 988 2449 ὅπερ
1012 2368 1094 2432 κατά
1109 2388 1137 2428 εο

34 2492 64 2533 K
80 2474 186 2558 φύσιν
210 2475 303 2560 ἀρχει
325 2470 381 2538 καλ
399 2475 505 2558 κρίνει
524 2469 598 2556 περὶ
617 2471 723 2557 ἡμῶν,
745 2473 783 2536 τὸ
804 2467 835 2536 θ’
857 2471 972 2537 ἕπεταί
986 2495 1021 2536 τε
1039 2472 1095 2537 καλ

76 2578 228 2663 πέφυκεν
264 2581 436 2665 ἀρχεσθαι.
481 2588 547 2644 πᾶν
581 2575 617 2644 δὲ
652 2573 690 2644 εὗ
724 2579 884 2644 ύιάκειται
920 2580 1002 2644 κατὰ
1033 2581 1095 2664 τὴν

78 2688 206 2751 οίκείαν
234 2686 369 2772 ἀρετήν·
401 2687 439 2752 τὸ
472 2686 536 2771 γάρ
568 2684 781 2770 τετυχηκέναι
812 2687 934 2769 ταύτης
962 2686 1094 2770 ἀγαθόν

79 2792 159 2858 ἐστι.
200 2790 255 2857 καὶ
278 2794 346 2877 μὴν
370 2794 451 2858 ὅταν
468 2816 506 2876 γε
530 2794 586 2877 ἔχη
610 2793 650 2856 τότ
669 2792 809 2875 μάλιστα
832 2789 888 2856 καὶ
906 2792 1094 2875 κυριώτατα

77 2896 134 2964 καὶ
166 2899 345 2982 τιμιώτατα
379 2900 441 2983 την
473 2898 611 2985 ἀρετήν,
647 2900 721 2962 τότε
753 2892 791 2962 εὖ
825 2897 998 2962 διάκειται·
1035 2904 1096 2963 τοῦ
1110 2917 1137 2957 25

78 3008 251 3088 βελτίονος
284 3007 348 3090 ἀρα
381 3007 482 3091 φύσει
518 3006 659 3088 βελτίων
696 3002 786 3069 έστλυ
818 3004 839 3087 ἡ
871 3006 953 3070 κατὰ
991 3005 1095 3090 φύσιν

80 3110 190 3197 ἀρετή.
237 3110 370 3196 βέλτιον
403 3109 439 3176 δὲ
471 3114 507 3178 τὸ
539 3112 622 3176 κατά
650 3112 754 3194 φύσιν
787 3111 1010 3198 ἀρχικώτερον
1041 3109 1095 3176 καλ

30 3237 65 3278 A
79 3222 209 3303 μᾶλλον
232 3217 488 3302 ἡγεμονικόν,ε
472 3243 516 3295 ως
539 3219 720 3304 ἀνθρωπος
742 3220 825 3305 πρὸς
846 3220 887 3283 τά
909 3219 992 3282 ἀλλα
1017 3221 1096 3305 ζῷα·

80 3325 208 3390 οὐκοῦν
231 3322 375 3409 ύυχη
340 3349 400 3410 μεν
420 3326 570 3427 σώματος
588 3323 720 3408 βέλτιον
744 3322 981 3410 (ἀρχικώτερον
1004 3322 1096 3410 γάρ),

79 3440 190 3517 ψυχης
218 3428 254 3497 δε
281 3434 319 3497 τὸ
342 3434 445 3516 λόγον
473 3416 550 3518 έχον
573 3429 629 3497 καὶ
657 3430 827 3498 όιόινοιαυ
858 3433 933 3496 ἔστι
955 3431 1025 3511 γαρ
1046 3450 1121 3488 τοι·
1130 3441 1165 3476 γε

78 3547 181 3603 ούτον
200 3537 222 3601 ό
239 3540 368 3604 κελεύει
391 3537 449 3607 καὶ
473 3542 615 3630 κωλύει,
639 3539 701 3612 καὶ
723 3543 801 3612 δειν
827 3537 933 3626 ἡμὴ
953 3535 1033 3598 δεῖν
1061 3526 1144 3605 W*
