2430 3848
108 154 149 250 18
519 185 709 242 ιΑΜειιοΗι

106 347 258 435 ὑπερέχει
291 352 394 432 λόγου
425 348 481 415 καὶ
513 351 664 426 διανοίας
693 347 749 415 καὶ
780 359 852 426 ταίς
884 348 1125 435 ἁπλουστέραις

107 455 235 520 τούτων
265 455 487 538 ἐπιβλητιααίς
514 457 650 538 νοήσεσι
678 457 718 519 τδι
745 456 825 519 ὅντα
854 462 992 540 θεωρεῖ,
1020 456 1061 520 τά
1088 479 1124 521 τε

108 560 219 644 άγαθδι
247 564 353 647 κρίνει
381 559 439 644 ἀφ’
466 559 585 645 ἑαυτῆς
607 559 662 627 καὶ
686 561 827 626 ἐπιτελεῖ
848 561 885 626 ἐν
910 561 1024 646 ἑαυτῆ,
1054 572 1122 627 τῶν

107 691 143 731 τε
166 677 297 751 νοητῶν
321 666 412 732 ἐστιν
431 669 507 743 ὄψις
528 665 583 731 καλ
608 667 749 751 δύναμις
771 678 839 732 τῶν
860 667 1044 732 θειοτάτων
1066 667 1124 734 καὶ

81 775 322 838 στελειοτάτων
355 772 531 855 ἐνεργειῶν
564 772 715 859 ὑπάρχει·
752 781 850 838 τοῦτο
885 768 915 838 δ’
951 769 1009 857 αὖ,
1042 776 1074 839 εί
1105 775 1125 840 ὁ

107 881 200 961 ήλιος
224 879 431 963 ὀφθαλμός
454 877 537 944 ἐντι
559 878 623 944 καὶ
646 881 749 964 ψυχά
771 891 848 945 τῶν
871 881 994 963 φύσιν
1014 879 1125 965 ἐχόν-

107 1007 196 1050 των·
222 985 364 1071 ὁρῆταί
383 1009 422 1050 τε
445 987 516 1069 γάρ
541 981 590 1049 δι’
618 986 720 1052 αὐτῶ
748 987 873 1051 πάντα
896 985 961 1052 καὶ
983 995 1125 1069 γεννῆ-
1179 1008 1182 1011 ·

107 1114 171 1156 ται
193 1089 257 1156 καὶ
280 1101 434 1176 νοῆται,
465 1090 684 1178 ῥιζωθέντα
712 1090 776 1157 καὶ
804 1090 1053 1176 γενναδέντα
1082 1088 1125 1156 δέ

108 1199 301 1282 τράφεταί
328 1222 368 1264 τε
399 1197 463 1263 καὶ
496 1197 652 1277 ἀέξεται
684 1197 747 1264 καὶ
785 1203 1009 1283 ζωπυρῆται
1043 1192 1122 1282 μετ’

69 1305 334 1380 ιοαίσδάσιος·
359 1306 461 1387 δῆλόν
484 1327 551 1369 που
573 1302 628 1369 ααὶ
656 1304 719 1369 άπὸ
748 1307 876 1371 τούτων
904 1308 1051 1388 γίγνεται
1079 1304 1126 1380 ὡς

109 1410 285 1494 ὀφθαλμός
309 1409 377 1474 ἐστι
400 1408 454 1475 παλ
479 1410 542 1493 ζωή
570 1420 637 1474 τῶν
659 1411 830 1496 νοερῶνή
861 1413 980 1494 σοφία,
1008 1407 1124 1474 καὶτὸ

109 1514 255 1599 ὁρᾶσθαι
285 1525 355 1592 τοῖς
386 1514 584 1599 νοουμένοις
617 1515 750 1602 παρέχει
780 1526 860 1582 πᾶσι
888 1515 942 1583 καλ
972 1518 1009 1582 τὸ
1037 1510 1124 1581 εἶναι
1139 1536 1192 1576 ιιι

108 1631 178 1698 τοῖς
201 1616 292 1703 οὖσι,
323 1623 540 1706 δημιουργίας
562 1645 596 1687 τε
620 1623 727 1706 πάσης
750 1623 893 1709 ἀρχηγὸς
915 1626 1064 1707 γίγνεται
1087 1622 1125 1687 ἐν

109 1727 154 1815 τῷ
177 1729 289 1816 κόσμῳ
313 1726 368 1792 καὶ
391 1729 578 1812 γεννήσεως
600 1738 657 1814 τῆς
679 1730 810 1815 πρώτης
832 1728 887 1794 καὶ
910 1729 1044 1812 τάξεως,
1068 1727 1126 1793 καὶ

72 1853 96 1893 15
112 1834 153 1917 δή
185 1833 240 1899 καὶ
272 1833 309 1899 ἐν
336 1834 417 1919 ήμίν
445 1835 611 1911 ὡσαύτως.
657 1837 718 1919 τήν
749 1836 791 1920 δή
822 1836 981 1919 τοιαύτην
1006 1857 1042 1900 τε
1069 1833 1126 1900 καὶ

108 1941 275 2023 τοσαύτην
304 1944 413 2006 αἰτίαν
441 1939 497 2005 καὶ
524 1949 668 2006 τοσαῦτα
696 1941 806 2025 άγαθδι
835 1941 1046 2027 παρέχουσαν
1073 1945 1124 2018 τίς
1138 1959 1192 2000 461

110 2046 172 2110 οὐκ
192 2045 234 2111 δν
253 2048 333 2131 μετά
356 2046 498 2131 μεγάλης
522 2050 671 2132 σπουδῆς
694 2047 851 2133 μεταθέοι
870 2047 913 2113 άν
930 2048 1125 2135 προθύμως,

109 2155 314 2236 βουλόμενος
345 2161 402 2236 τῆς
433 2153 568 2240 ἀρίστης
599 2154 813 2240 εὐδαιμονίας
843 2154 1123 2239 μεταλαμβάνειν;

194 2253 240 2321 Ἡ
263 2254 324 2342 μέν
358 2254 420 2324 οὖν
453 2259 516 2324 άπὸ
549 2270 611 2325 τοῦ
642 2263 754 2345 τίμιον
787 2256 873 2326 εἶναι
905 2262 967 2345 τήν
1000 2263 1125 2345 σοφίαν

71 2383 97 2423 20
110 2373 274 2449 προϊοῦσα
289 2367 335 2442 είς
352 2367 543 2450 προτροπὴν
565 2368 687 2450 ἐφοδός
705 2368 774 2433 ἐστι
792 2369 940 2452 τοιαύτη,
960 2368 980 2452 ῆ
1005 2364 1041 2432 δέ
1061 2368 1125 2433 άπὸ

110 2479 171 2534 τοῦ
190 2473 294 2548 ὅντως
313 2472 497 2559 ἀνθρώπου
515 2471 813 2558 ὑπομιμνῄσκουσα
835 2483 893 2557 τῆς
912 2471 964 2538 ἐπὶ
981 2475 1022 2538 τά
1041 2473 1126 2539 αὐτὰ

112 2587 301 2662 προτροπῆς
325 2579 380 2641 διά
402 2589 469 2641 τῶν
494 2576 566 2660 ἑξῆς
589 2578 811 2644 ἐπιδείκνυται
833 2590 901 2644 τῶν
921 2579 1009 2645 οὕτω
1031 2585 1126 2663 λεγο-

111 2679 237 2765 μένων·
276 2681 506 2768 “άνδρωπος
541 2683 698 2775 πάντων
736 2682 843 2772 ζῴων
880 2682 942 2750 ἐπὶ
978 2687 1127 2751 πολλὸν

111 2786 250 2872 γέγονε
279 2790 520 2874 σοφώτατος·
552 2778 757 2878 θεωρῆσαί
785 2814 827 2856 τε
855 2793 927 2877 γὰρ
957 2793 1128 2868 δυνατός

76 2895 198 2960 εόἐντι
233 2897 278 2960 τά
315 2896 431 2961 ἐόντα
466 2895 531 2961 καὶ
569 2898 784 2982 ἐπιστάμαν
820 2897 885 2963 καὶ
922 2901 1126 2983 φρόνασιν

111 2997 230 3084 λαβέν
267 3002 397 3067 αὐτῶν
434 3002 625 3068 ἁπάντων.
676 3006 776 3090 παρὸ
813 3003 878 3070 καὶ
915 3004 1128 3089 ἐνεχάραξε

111 3104 189 3188 [καὶ
208 3105 491 3192 ἐπεσημήνατο]
516 3111 560 3174 τὸ
580 3116 696 3175 θετον
720 3110 822 3200 αὐτῷ
845 3112 888 3176 τὸ
911 3123 961 3176 τῶ
980 3112 1128 3187 παντὸς

111 3216 211 3297 λόγω
249 3215 440 3299 σύσταμα,
478 3214 519 3281 ἐν
552 3207 577 3305 ᾧ
613 3217 659 3281 τά
694 3241 733 3282 τε
770 3218 877 3282 είδεα
914 3218 1039 3284 πάντα
1076 3228 1127 3282 τῶ

199 3412 214 3460 7
240 3409 374 3476 γεννᾶται
396 3410 405 3478 ΙΙ
428 3413 444 3462 9
469 3427 499 3462 τε
522 3410 588 3478 post
610 3406 748 3477 τράφεται
771 3408 882 3477 traieci3
910 3411 954 3465 est
976 3409 1006 3464 in
1030 3409 1128 3465 codice

94 3479 170 3538 post
184 3473 303 3541 άεὲεται
319 3481 334 3549 l)
350 3483 385 3532 25
405 3474 464 3533 ἐντι
482 3479 521 3533 K:
541 3477 598 3534 ἐστι
612 3481 669 3550 1126
688 3478 775 3552 λαβὲν
794 3480 863 3536 Gale
882 3499 909 3551 p.
925 3487 991 3536 ⁷33:
1010 3476 1098 3555 λάβεν
1116 3481 1127 3553 ή

82 3545 125 3588 27
139 3544 194 3594 καί
211 3543 422 3618 ἐπεσημήνατο
443 3551 555 3609 delevit
574 3551 685 3609 Vitelli.
