2430 3848
131 163 174 226 58
540 159 731 215 IAMBLIOHI

132 324 257 389 οὐκοῦν
279 320 335 387 καὶ
358 327 484 408 μᾶλλον
507 328 653 407 χρῆσθαι
675 323 734 387 τὸν
755 321 867 407 ὀρθῶς
884 323 1058 407 χρώμενον
1082 347 1151 406 φα·-

131 429 222 494 τέον·
245 430 282 494 τὸ
305 431 369 515 γάρ
388 425 441 514 ἐφ’
464 420 490 517 ᾧ
510 426 628 505 καλῶς
650 428 798 513 πέφυκεν
816 427 976 514 ὑπάρχειν
994 437 1039 516 τῶ
1060 453 1149 515 χρω-

131 534 219 622 μένφ
251 540 359 612 καλῶς
390 532 445 601 καί
476 534 627 621 άκριβῶς.
678 537 747 599 ε”στι
780 535 820 618 δὴ
851 532 906 599 καί
937 544 1045 620 ψυχῆς
1071 536 1150 619 ἡτοι

131 644 236 725 μόνον
259 640 279 725 ἡ
304 642 444 726 μάλιστα
467 642 601 706 πάντων
625 643 725 726 ἔργον
746 642 783 705 τὸ
804 641 1018 706 διανοεῖσθαί
1032 664 1067 706 τε
1090 639 1149 706 καὶ

105 751 330 831 ιλογίζεσθαι.
372 747 501 812 διπλοῦν
519 748 583 832 άρα
601 748 666 830 ἡδη
685 755 784 812 τοῦτο
803 744 858 811 καὶ
876 744 974 813 παντὶ
994 749 1148 830 συλλογί-

133 857 247 932 ζεσθαι
275 849 394 939 ῥᾴδιον
423 852 473 916 ὅτι
502 856 537 937 ζὴ
566 857 692 936 μᾶλλον
720 852 738 918 ἡ
767 853 1006 945 διανοούμενος
1033 852 1148 938 ὀρθῶς

130 956 185 1023 καὶ
214 959 354 1044 μάλιστα
381 959 516 1024 πάντων
544 958 562 1024 δ
591 958 732 1042 μάλιστα
760 958 952 1042 ἀληθεύων,
982 942 1080 1036 οὗτος
1108 957 1150 1025 δέ
1160 977 1193 1018 ιῖῖ

131 1064 221 1130 ἐστιν
249 1065 267 1131 ὁ
296 1075 435 1150 φρονῶν
462 1062 517 1130 καὶ
544 1071 686 1150 θεωρῶν
714 1067 796 1130 κατὰ
818 1065 880 1148 τὴν
906 1064 1147 1150 ἀκριβεστάτην

131 1171 327 1257 ἐπιστήμην·
359 1169 414 1236 καί
446 1174 483 1236 τό
515 1195 553 1253 γε
584 1171 702 1247 τελέως
735 1174 792 1254 ζὴυ
823 1173 897 1236 τότε
928 1169 984 1236 καὶ
1015 1173 1148 1250 τούτοις

92 1276 330 1360 ωάποδοτέου,
358 1289 428 1355 τοῖς
456 1285 622 1362 φρονοῦσι
645 1274 792 1353 καὶτοῖς
815 1281 1001 1363 φρονίμοις.
1047 1280 1079 1342 εί
1107 1275 1193 1344 δὲθῖ

130 1385 167 1448 τὸ
189 1387 246 1467 ξῆν
265 1383 397 1470 ἐστιτῷ
418 1379 487 1469 ζῴφ
507 1406 545 1464 γε
562 1381 685 1446 ταύτὸν
703 1381 802 1448 παντί
821 1384 900 1469 ὅπερ
920 1379 1017 1467 εἶναι,
1042 1386 1147 1469 δῆλον

132 1489 182 1552 ὅτι
200 1486 263 1551 κάν
282 1494 331 1570 είη
351 1511 388 1570 γε
407 1487 546 1572 μάλιστα
566 1486 621 1552 καὶ
636 1490 822 1572 κυριώτατα
837 1491 971 1555 πάντων
990 1490 1008 1556 δ
1028 1493 1148 1576 φρόνι-

131 1616 202 1678 μος,
226 1591 281 1658 καί
303 1596 377 1659 τότε
400 1594 540 1677 μάλιστα
559 1603 619 1660 τοῦ
638 1598 763 1680 χρόνον
780 1597 904 1672 παντὸς
928 1595 1008 1661 ὅταν
1027 1594 1147 1682 ἐνεργῇ

131 1697 186 1764 καὶ
209 1700 354 1786 τυγχάνη
373 1707 516 1787 θεωρῶν
534 1703 572 1766 τὸ
591 1702 732 1785 μάλιστα
750 1711 817 1766 τῶν
838 1703 946 1767 ὄντων
964 1703 1146 1788 γνώριμον.

92 1823 117 1864 15
132 1806 214 1871 άλλά
237 1807 303 1891 μὴυ
326 1808 347 1890 ἡ
370 1832 408 1890 γε
426 1810 532 1873 τελεία
554 1805 703 1892 ἐνέργεια
726 1804 780 1872 καὶ
799 1806 967 1884 άκάλυτος
990 1807 1027 1873 ἐν
1047 1806 1147 1893 ἑαυτῇ

132 1914 198 1997 έχει
225 1915 262 1978 τὸ
290 1915 433 1997 χαίρειν,
466 1914 550 1977 ὥστε
576 1911 619 1977 άυ
646 1919 696 1997 είη
727 1913 748 1996 ἡ
775 1915 963 2000 θεωρητικὴ
996 1913 1147 1998 ἐνέργεια

131 2028 248 2084 πασῶν
271 2017 397 2101 ἡδίστη.
444 2020 492 2083 ἔτι
519 2021 636 2083 τοίνυν
664 2018 777 2105 ἕτερόν
805 2019 895 2086 ἐστιν
918 2023 955 2086 τὸ
979 2019 1147 2104 ἡδόμενον

131 2127 242 2189 πίνειν
274 2121 328 2187 καί
357 2126 395 2189 τὸ
427 2124 533 2207 ἡδέως
564 2127 688 2190 πίνειν·
721 2122 821 2190 οὐδὲν
853 2128 916 2210 γάρ
948 2127 1068 2191 κωλύει
1101 2127 1146 2210 μὴ

133 2229 282 2306 διψῶυιά
305 2252 381 2295 τινα
404 2227 487 2315 μηδὲ
511 2231 571 2318 οἵω
594 2233 701 2315 χαίρει
723 2234 845 2316 πόματι
869 2235 1146 2317 προσφερόμενον

91 2353 119 2392 20
132 2338 272 2400 πίνοντα
299 2340 442 2423 χαίρειν,
476 2339 519 2423 μὴ
547 2345 592 2426 τῶ
620 2340 731 2403 πίνειν
764 2337 847 2403 άλλά
873 2347 919 2426 τῷ
948 2341 1146 2422 συμβαίνειν

131 2442 198 2526 άμα
222 2448 365 2529 θεωρεῖν
393 2444 413 2528 ἡ
441 2450 646 2530 θεωρεῖσθαι
674 2445 875 2528 καθημευου.
923 2445 1047 2510 οὐκοῦν
1070 2454 1146 2510 τοῦ-

131 2570 191 2612 του
214 2549 359 2630 ἥδεσθαι
381 2545 443 2632 μὲν
466 2547 521 2613 καὶ
543 2548 710 2632 ἡδόμενον
737 2552 847 2616 πίνειν
876 2553 1041 2634 φήσομεν,
1070 2547 1143 2616 ἀλλ’

133 2652 174 2717 ού
201 2661 247 2739 τῶ
275 2656 386 2718 πίνειν
414 2649 494 2718 οὐδὲ
516 2653 622 2736 ἡδέως
645 2657 764 2720 πίνειν.
812 2655 935 2722 οὐκοῦν
963 2657 1068 2733 οὕτως
1090 2654 1146 2721 καί

132 2759 267 2842 βάδισιν
290 2755 345 2822 καὶ
367 2757 539 2845 καθέδραν
561 2758 616 2825 καί
639 2762 788 2846 μάθησιν
805 2760 861 2827 καί
879 2771 989 2828 πᾶσαν
1011 2765 1146 2845 κίνησιν

91 2880 118 2922 25
132 2863 273 2950 ἐροῦμεν
291 2863 408 2946 ἡδεῖαν
426 2863 447 2949 ἡ
467 2867 630 2950 λυπηράυ,
650 2867 711 2951 οὐχ
730 2867 819 2932 ὅσων
838 2871 1014 2952 συμβαίνει
1032 2873 1146 2935 λυπεῖ-
1160 2881 1193 2926 1ῖὲ

132 2976 214 3034 σθαι
237 2980 416 3050 παρουσῶν
439 2970 523 3055 ἡμᾶς
545 2971 565 3056 ἡ
589 2975 727 3058 χαίρειν,
752 2969 823 3036 ἀλλ’
846 2967 893 3038 ὧν
916 2981 954 3057 τῇ
978 2977 1147 3061 παρουσίᾳ

131 3074 187 3140 καὶ
214 3077 411 3160 λυπούμεθα
439 3080 559 3155 πάντες
585 3077 640 3144 καὶ
667 3082 834 3164 χαίρομεν.
884 3077 940 3144 καὶ
969 3081 1054 3163 ζωὴν
1083 3074 1147 3146 οὖν

131 3182 248 3265 ἡδεῖαν
276 3181 398 3265 ὁμοίως
425 3182 579 3269 ἐροῦμεν,
610 3179 650 3268 ἡς
675 3184 696 3267 ἡ
724 3187 890 3270 παρουσία
917 3195 986 3262 τοῖς
1009 3188 1147 3270 ἔχουσιν

220 3450 236 3498 2
256 3437 277 3516 ᾦ
297 3448 346 3501 καὶ
365 3442 402 3510 ύς
420 3447 530 3503 Vitelli:
551 3442 566 3502 ὃ
584 3447 633 3503 καί
652 3443 688 3510 ὡς
701 3449 711 3517 ἡ
724 3444 868 3518 πέφυκεν,
888 3442 1009 3518 ὑπάρχει
1028 3448 1147 3520 scripse·

71 3517 170 3600 ..ἐπί
182 3516 218 3568 K
220 3519 241 3584 β
248 3522 284 3570 11
303 3519 344 3592 τῷ
360 3514 423 3593 ζάφ
442 3521 481 3575 A:
500 3514 533 3575 τὸ
553 3515 623 3587 ζώω.
