2430 3848
374 185 648 244 PROTREPTICUS
668 189 702 256 (ο.
718 187 800 255 ΧΠΙ).
1052 189 1092 254 71

22 385 23 392 1
80 356 137 431 τῆς
166 347 270 414 ἐκεῖσε
297 352 441 432 πορείας.
486 349 506 434 ἡ
537 346 598 433 μὲν
627 352 691 436 γάρ
724 350 869 435 ἀμείνων
896 353 985 436 ψυχὴ
1014 353 1094 437 μετά

80 459 173 520 θεῶν
197 457 284 520 οίκεῖ
302 453 358 520 καί
381 457 632 542 περιπορεύεται
654 452 725 521 κατ’
752 457 900 542 οὐρανὸν
924 460 1094 541 βελτίονός

79 583 114 626 τε
138 561 261 644 λήξεως
283 563 455 647 τυγχάνει,
477 563 498 646 ἡ
523 558 559 627 δδ
583 562 708 629 ἀδίκων
732 566 839 649 ἔργων
862 562 1014 648 ἁψαμένη
1037 564 1094 630 καὶ

80 665 317 753 ἀνοσιουργίας
339 665 526 752 πλησθεῖσα
549 666 604 733 καὶ
632 668 782 752 ἀσεβείας
806 672 853 746 είς
880 672 920 734 τά
942 670 1006 736 ὑπὸ
1029 682 1094 757 γῆν

79 775 297 860 δικαιωτηρια
320 774 468 840 ἐλθοῦσα
493 776 586 858 δίκης
604 784 662 859 τῆς
683 778 916 861 προσηκούσης
934 782 1120 861 μεταλαγσ

78 880 182 964 χάνει.
221 876 269 948 ὧν
293 882 334 965 δὴ
358 881 453 947 ἕνεκα
476 881 538 966 χρὴ
562 890 629 946 πᾶν
647 893 767 966 ποιεῖν,
791 884 875 949 ὥστε
898 883 1016 969 ἀρετῆς
1038 882 1094 948 καὶ

79 988 276 1069 φρονήσεως
299 987 403 1074 ἐντῷ
427 990 489 1074 βίῳ
513 998 701 1071 μετασχεῖν·
724 991 827 1054 καλὸν
845 991 909 1075 γάρ
928 991 964 1055 τὸ
984 985 1093 1055 ἆθλον

23 1110 66 1153 ιε.
79 1090 136 1156 καὶ
155 1093 175 1176 η
195 1091 286 1171 ἐλπὶς
303 1093 437 1179 μεγάλη.
474 1092 676 1158 καὶτούτων
695 1093 736 1178 δὴ
755 1091 851 1159 ἕνεκα
869 1100 1012 1181 θαρρεῖν
1029 1098 1093 1182 χρη

79 1196 156 1284 περὶ
179 1207 218 1284 τῇ
242 1197 363 1266 ἑαυτοῦ
385 1208 474 1285 ψυχῇ
493 1201 611 1285 ἀνδρα,
636 1199 725 1276 ὅστις
744 1198 844 1287 ἐντῷ
868 1202 930 1287 βίῳ
952 1202 1009 1277 τὰς
1024 1198 1093 1285 ,μὲν

79 1306 182 1383 ἀλλας
199 1306 323 1389 ἡδονάς
341 1309 398 1384 τάς
416 1305 491 1392 περὶ
509 1308 547 1372 τὸ
562 1318 656 1391 σῶμα
674 1304 730 1370 καὶ
747 1308 826 1383 τοὺς
839 1307 985 1392 κόσμους
1003 1312 1093 1373 είασε
1108 1326 1134 1366 1⁰

77 1415 223 1497 χαίρειν,
252 1413 296 1490 ὡς
323 1412 518 1498 ἀλλοτρίους
544 1437 579 1479 τε
608 1415 706 1490 ὄντας
733 1411 789 1478 καὶ
816 1411 919 1479 πλέον
946 1413 1092 1496 θάτερον

23 1541 61 1585 ιτ,
76 1517 288 1602 ἡγησάμενος
311 1518 568 1605 ἀπεργάζεσθαι,
599 1521 656 1595 τὰς
684 1515 721 1583 δὲ
743 1517 819 1605 περὶ
842 1521 880 1585 τὸ
903 1522 1092 1605 μανθάνειν

76 1623 268 1691 ἐσπούδασί
287 1647 322 1689 τε
349 1622 404 1689 καί
427 1625 596 1708 κοσμήσας
623 1623 685 1706 την
707 1626 819 1708 ψυχὴν
844 1624 905 1690 οὐκ
928 1625 1091 1714 ἀλλοτρίῳ

76 1731 162 1796 ἀλλά
184 1739 230 1820 τῷ
253 1729 371 1814 ἑαυτῆς
388 1733 513 1818 κόσμῳ,
537 1729 739 1815 σωφροσύνη
759 1752 793 1794 τε
816 1727 871 1794 καὶ
895 1731 1091 1818 δικαιοσύνη

75 1837 133 1903 καὶ
161 1837 299 1925 ἀνδρείᾳ
326 1835 381 1903 καὶ
414 1836 589 1923 ἐλευθερία
616 1833 670 1900 καὶ
698 1834 856 1922 ἀληθείᾳ,
887 1836 974 1901 οὕτω
1002 1859 1092 1923 περι-
1107 1855 1133 1897 ιτ

76 1944 170 2028 μένει
193 1946 254 2029 τὴν
278 1947 324 2021 είς
343 1943 461 2010 Ἅιδου
484 1947 638 2027 πορείαν,
666 1943 711 2020 ὡς
738 1945 984 2029 πορευσόμενος
1011 1945 1092 2010 ὅταν

76 2049 98 2133 ἡ
122 2049 302 2135 εἱμαρμένη
326 2055 418 2135 καλη.
458 2051 586 2115 τούτων
606 2050 648 2133 δη
672 2044 734 2115 οὖν
757 2050 863 2127 οὕτως
886 2049 1031 2134 ἐχόντων
1050 2051 1092 2118 οὐ

75 2157 255 2242 χρημάτων
288 2158 342 2222 δεῖ
371 2157 599 2241 ἐπιμελεῖσθαι
631 2157 719 2233 ὅπως
747 2159 839 2223 ἔσται
869 2158 913 2233 ὡς
942 2162 1090 2242 πλεῖστα,

77 2259 159 2328 οὐδὲ
183 2262 281 2346 δόξης
303 2261 359 2327 καὶ
381 2272 490 2347 τιμῆς,
518 2262 603 2327 ἀλλά
629 2265 824 2346 φρονήσεως
851 2261 906 2328 καὶ
930 2264 1091 2348 ἀληθείας

75 2367 133 2434 καὶ
155 2378 213 2453 τῆς
235 2379 356 2455 ψυχῆς,
384 2369 473 2446 ὅπως
496 2367 541 2445 ὡς
564 2370 715 2451 βελτίστη
740 2370 839 2432 ἔσται.
886 2369 927 2432 οὐ
950 2372 1013 2454 γάρ
1039 2372 1090 2435 δεῖ
1104 2387 1131 2427 2⁰

76 2476 118 2539 τά
149 2476 305 2539 πλείστου
337 2474 411 2553 ἀξια
444 2472 520 2560 περὶ
552 2472 725 2557 ἐλαχίστου
757 2478 942 2557 ποιεῖσθαι,
980 2476 1020 2539 τδι
1053 2472 1090 2540 δὲ

78 2581 268 2666 φαυλότερα
299 2579 373 2665 περὶ
405 2583 567 2657 πλείονος.
619 2579 695 2645 οὔτε
732 2578 894 2663 σωμάτων
927 2574 989 2646 οὖν
1021 2580 1090 2647 ἐπι-

77 2691 252 2772 μελεῖσθαι
280 2686 356 2751 οὔτε
384 2687 560 2772 χρημάτων
589 2686 643 2751 δεῖ
666 2687 846 2770 πρότερον,
876 2684 957 2753 οὐδὲ
985 2688 1091 2766 οὕτως

76 2795 210 2879 σφόδρα
234 2793 278 2870 ὡς
295 2802 353 2876 τῆς
375 2802 492 2877 ψυχῆς,
517 2793 605 2869 ὅπως
628 2793 672 2869 ὡς
695 2791 812 2875 ἀρίστη
836 2792 939 2856 ἔσται·
964 2793 1090 2880 οὐγὰρ

77 2900 113 2966 ἐκ
135 2899 312 2985 χρημάτων
335 2899 433 2985 ἀρετὴ
458 2901 620 2982 γίγνεται,
647 2891 718 2962 ἀλλ’
745 2895 778 2974 ἐξ
801 2895 918 2982 ἀρετῆς
940 2899 1089 2983 χρήματα
1104 2916 1130 2958 ιε

76 3005 132 3071 καὶ
155 3001 256 3071 τάλλα
279 3005 391 3088 ἀγαθά
413 3016 482 3082 τοῖς
506 3005 699 3091 ἀνθρώποις
724 3003 831 3068 πάντα
857 3000 914 3069 καὶ
942 3005 1012 3092 ίδίᾳ
1035 3005 1091 3071 καὶ

148 3223 173 3271 3.
190 3222 205 3271 5
218 3213 236 3285 ἡ
248 3217 279 3270 δὲ
290 3212 398 3271 ἀδίκων
409 3247 442 3255 -
453 3211 670 3287 μεταλαγχάνει]
686 3216 721 3270 cf.
731 3215 803 3269 Plat.
814 3213 931 3268 Phaedr.
942 3233 969 3284 p.
981 3213 1068 3268 249A
1081 3214 1091 3286 Η

75 3293 152 3414 gog
166 3287 396 3427 ξῖιξθλὲῖιηιχδοη.
411 3306 439 3357 p.
456 3293 506 3341 114
517 3286 660 3340 0-115A
673 3289 683 3353 ss
698 3291 739 3340 17.
754 3304 781 3355 p.
793 3289 862 3355 721
878 3285 912 3338 οῖ.
927 3284 999 3339 Plat.
1015 3284 1090 3354 apol.
1124 3374 1129 3380 '

144 3557 182 3603 17
197 3553 270 3622 καλῇ
286 3554 333 3620 (ex
345 3551 379 3624 P)
400 3551 545 3644 §caligem
566 3557 660 3614 καλεῖ.
