2430 3848
121 159 162 224 78
529 160 720 217 IAMBLICHI

209 321 279 388 XV.
303 324 399 388 Μετὰ
420 332 523 387 ταῦτα
548 324 588 407 δὴ
612 322 785 389 ἀπεικάσαι
805 325 858 388 δεῖ
874 323 1014 410 τοιούτῳ
1033 322 1138 386 πάθει

120 431 181 514 τὴν
204 428 366 514 ἡμετέραν
389 431 495 512 φύσιν
512 431 664 507 παιδείας
686 453 721 495 τε
743 428 819 515 πέρι
837 428 892 495 καλ
911 430 1136 505 ἀπαιδευσίας.
1166 461 1178 496 ι

122 536 173 601 ίδδ
190 538 254 622 γάρ
273 536 474 622 ἀνθρώπους
493 529 566 603 οἷον
586 537 623 603 ἐν
641 541 801 627 καταγείῳ
822 539 948 622 οἰκήσει
971 536 1138 620 σπηλαιώ·
1152 559 1210 603 οοκ

122 645 184 727 δει,
207 641 481 728 ἀναπεπταμένην
508 645 590 729 πρὸς
617 647 654 710 τὸ
678 655 750 727 φῶς
771 645 833 728 τὴν
855 645 991 709 είσοδον
1014 642 1137 728 ἐχούσῃ

95 751 252 837 τμακράν
278 750 367 836 παρά
394 757 460 814 πᾶν
483 751 520 815 τὸ
544 752 723 834 σπήλαιον,
752 751 789 817 ἐν
816 750 919 836 ταύτῃ
945 749 981 815 ἐκ
1006 751 1139 815 παίδων

122 859 222 935 όυτας
245 855 282 922 έν
301 848 435 940 δεσμοῖς
453 853 507 921 καλ
525 858 566 921 τά
584 855 683 941 σκέλη
701 856 757 922 καὶ
779 860 859 936 τοὺς
877 855 1029 943 αὐχένας,
1054 857 1137 922 ώστε

122 962 235 1049 μένειν
254 986 288 1027 τε
308 962 430 1040 αὐτοὺς
448 968 495 1041 είς
513 986 548 1028 τε
565 965 603 1028 τὸ
621 966 773 1051 πρόσθεν
788 967 894 1049 μόνον
913 964 1006 1049 ὁρᾶν,
1026 964 1137 1051 κύκλῳ

124 1066 161 1135 δὲ
183 1071 241 1146 τάς
262 1071 408 1152 κεφαλάς
430 1069 495 1134 ὑπὸ
518 1077 579 1135 τοῦ
603 1072 728 1155 δεσμοῦ
750 1070 937 1148 ἀδυνάτους
954 1071 1137 1156 περιάγειν,

123 1176 195 1258 φῶς
219 1172 256 1241 δὲ
279 1176 393 1254 αὐτοῖς
414 1177 520 1262 πυρὸς
542 1178 678 1242 ἀνωθεν
700 1175 755 1242 καλ
773 1180 953 1264 πόρρωθεν
971 1179 1139 1260 καόμενον

86 1309 110 1350 ιο
123 1284 265 1348 ὄπισθεν
290 1282 411 1364 αὐτῶν,
435 1281 556 1367 μεταξὺ
579 1280 616 1348 δὲ
638 1292 700 1348 τοῦ
722 1285 827 1369 πυρὸς
845 1282 900 1348 καλ
922 1294 990 1347 τῶν
1011 1283 1139 1366 δεσμω-

123 1399 191 1453 τῶν
214 1388 323 1454 ἐπάνω
345 1388 437 1472 ὁδόν,
460 1386 537 1474 παρ’
559 1389 602 1473 ἣν
620 1384 707 1455 εἶναι
724 1393 849 1475 τειχίον
867 1387 1138 1478 ᾠκοδομημένον,

125 1496 234 1579 ὥσπερ
261 1505 331 1571 τοῖς
358 1501 622 1579 θαυματοποιοῖς
648 1498 712 1580 πρὸ
741 1508 807 1562 τῶν
840 1495 1030 1582 ἀνθρώπων
1057 1497 1139 1580 πρό·
1153 1518 1193 1559 εοο
1208 1524 1215 1551 1¹

124 1624 227 1666 κειται
254 1602 295 1665 τδι
321 1602 602 1688 παραφράγματα,
633 1600 717 1689 ὑπὲρ
745 1599 793 1668 ών
820 1604 861 1667 τδι
887 1603 1043 1687 θαύματα
1072 1587 1162 1667 δειέ

125 1708 295 1774 κνώουσιν.
341 1709 388 1772 ἔτι
411 1711 529 1774 τοίνυν
553 1711 614 1794 ὅρα
637 1711 726 1796 παρὰ
749 1718 848 1775 τοῦτο
871 1710 909 1774 τὸ
932 1709 1056 1793 τειχίου
1079 1705 1140 1792 φέ-

85 1840 111 1880 15
126 1838 246 1901 ροντας
264 1815 466 1901 ἀνθρώπους
484 1817 585 1899 σκεύη
604 1839 639 1880 τε
652 1817 848 1881 παντοδαποὶ
861 1812 1063 1900 ὑπερέχοντα
1076 1822 1140 1879 τοῦ

124 1923 249 2006 τειχίου
275 1920 331 1987 καλ
359 1921 559 2008 ἀνδριάντας
586 1920 640 1986 καλ
668 1923 751 1986 ἀλλα
781 1925 846 2010 ζῷα
872 1922 989 1986 λίθινά
1018 1944 1053 1986 τε
1082 1918 1140 1986 καὶ

126 2026 243 2106 ξύλινα
269 2024 324 2093 καλ
346 2038 488 2093 παντοῖα
511 2027 725 2112 εἰργασμένα,
750 2020 823 2094 οἷον
848 2029 948 2111 εἰκός,
975 2030 1054 2104 τοὺς
1077 2023 1140 2112 μὲν

126 2133 395 2218 φθεγγομένους,
422 2137 501 2212 τοὺς
529 2131 566 2199 δὲ
589 2144 752 2219 σιγῶντας
773 2145 841 2200 τῶν
865 2136 1139 2220 παραφερόντων.

124 2241 187 2324 τὴν
211 2240 252 2324 δὴ
276 2241 400 2307 ἀτοπου
423 2243 536 2306 εἰκόνα
557 2242 682 2325 ταύτην
700 2240 754 2307 καλ
773 2244 851 2318 τοὺς
870 2240 1038 2326 δεσμώτας
1060 2241 1140 2317 τοὺς

86 2370 112 2410 κο
127 2346 271 2424 ἀτόπους
291 2344 353 2425 θὲς
375 2343 462 2414 εἶναι
485 2349 621 2433 ὁμοίους
643 2348 732 2434 ἡμῖν.
777 2350 856 2425 τοὺς
878 2349 942 2433 γάρ
965 2347 1140 2422 τοιούτους

125 2465 259 2540 πρῶτον
282 2451 343 2539 μὲν
367 2454 494 2521 ἑαυτῶν
516 2479 551 2521 τε
573 2453 629 2520 καλ
651 2455 805 2540 ἀλλήλων
828 2461 891 2520 οἴει
917 2456 1013 2519 ἀντι
1037 2451 1140 2538 ἕοορα-

126 2560 220 2625 κέναι
243 2562 324 2625 ἀλλο
347 2562 435 2645 πλὴν
457 2563 515 2639 τάς
538 2563 631 2639 σκιάς
653 2563 711 2639 τάς
732 2561 797 2627 ὑπὸ
820 2570 881 2626 τοῦ
903 2561 1009 2647 πυρὸς
1031 2561 1079 2636 είς
1100 2560 1139 2624 τὸ

126 2664 196 2731 κατ’
232 2666 369 2752 ἀντικρὺ
406 2667 518 2732 αὐτῶν
554 2677 614 2733 τοῦ
650 2671 815 2751 σπηλαίου
850 2667 1138 2753 προσπιπτούσας;

128 2770 229 2839 οὐδὲν
256 2773 347 2839 ἀλλο.
391 2784 461 2852 πῶς
482 2774 562 2859 γάρ,
591 2775 623 2839 εί
643 2774 819 2857 ἀκινήτους
846 2798 884 2858 γε
911 2776 969 2851 τάς
991 2773 1140 2857 κεφαλάς

87 2902 113 2943 25
127 2882 214 2964 ἔχειν
242 2879 486 2965 ἠναγκασμένοι
514 2876 582 2946 εἷεν
610 2882 666 2945 διὰ
693 2883 785 2964 βίου;
814 2881 850 2946 τί
874 2877 911 2946 δὲ
938 2889 1006 2946 τῶν
1033 2901 1139 2965 παρα-
1154 2897 1214 2939 οιο

127 2986 339 3073 φερομένων;
373 2987 414 3052 οὐ
440 2989 563 3053 ταύτὸν
589 2995 703 3066 τοῦτο;
737 2990 772 3052 τί
787 2990 881 3072 *W
915 2990 946 3052 εί
976 2982 1039 3052 οὖν
1068 2987 1140 3051 δια-

128 3091 285 3177 λέγεσθαι
313 3087 382 3158 οἷοί
406 3092 438 3158 τ’
465 3090 532 3159 εἷεν
554 3096 637 3181 πρὸς
665 3094 842 3180 ἀλλήλους,
874 3095 915 3160 οὐ
944 3103 1047 3159 ταῦτα
1075 3093 1141 3179 ἡγῇ

218 3328 241 3376 1.
261 3341 288 3392 p.
304 3327 347 3391 82,
361 3328 378 3375 4
398 3321 468 3377 Plat.
488 3320 569 3379 Civit.
585 3323 637 3378 VII
655 3342 682 3392 p.
697 3324 870 3379 514A-517
881 3322 909 3377 C.

98 3616 101 3620 Δ
201 3542 222 3588 3
238 3540 286 3592 ι”δε
297 3541 315 3608 ll
326 3544 362 3594 26
382 3538 482 3608 τοῦτο,
502 3540 533 3595 τί
548 3533 620 3610 μήν,
640 3535 732 3594 Οοῶοώ
749 3553 785 3592 ex
799 3537 837 3590 Px
854 3532 950 3590 τοώτοι
968 3530 1031 3602 μήν.
