2430 3848
129 148 171 211 14
538 147 730 202 ιεωειιοει

128 312 304 397 ἀλλότριον
338 315 437 399 ζῷον,
471 311 551 394 ὅπερ
586 311 621 374 οί
650 307 711 394 μέν
743 309 978 396 πολυκέφαλον
1009 315 1147 398 θηρίον,

128 420 164 484 οί
180 414 217 483 δὲ
235 420 365 501 θνητόν
383 443 415 482 τι
437 421 518 500 ζωῆς
536 411 635 500 εἶδος,
659 419 755 482 άλλοι
775 414 811 482 δὲ
831 419 935 501 φύσιν
954 435 1148 503 γενεσιουρ-

128 526 190 609 γὸν
223 530 397 590 καλοῦσιν·
435 525 583 589 ἐνταῦθα
623 520 660 589 δὲ
698 527 782 609 ἔριν
820 525 1029 608 σύμφυτον
1062 525 1148 591 ἐπω-

128 634 290 716 νόμασεν,
320 631 380 718 ούχ
406 632 450 708 ῶς
474 637 551 714 ίσηυ
574 629 668 710 τάξιν
691 632 834 715 ἔχουσαν
858 629 952 714 ἡμῶν
976 632 1059 718 πρὸς
1081 633 1146 716 τὴν

102 740 336 824 εκυριωτάτην
362 741 457 822 ζωήν,
487 734 557 801 ἀλλ’
585 736 629 812 ῶς
653 737 846 802 συνοπαδὸυ
870 742 1146 803 συνακολουθοῦ-
1160 755 1213 797 εει

129 862 192 910 σαν
215 854 254 930 τη
278 842 485 931 πρεσβυτέρᾳ
510 847 582 928 ζωῇ.
622 844 748 926 ταύτην
772 844 814 928 δὴ
838 838 900 908 οὖν
924 842 1147 929 παραγγέλλει

129 954 282 1033 φεύγειν,
321 948 395 1015 ἀντὶ
428 947 464 1015 δέ
496 950 617 1032 ταύτης
650 948 932 1015 άνταλλάττεσθαι
967 951 1028 1035 την
1064 953 1147 1019 άνευ

129 1055 354 1134 ἐναντιώσεως
378 1055 507 1140 ένοειδῆ
531 1056 654 1142 νοερδιν
678 1054 863 1142 ἐνέργειαν,
890 1057 962 1140 η’τις
985 1055 1059 1122 ἀντὶ
1082 1055 1146 1144 μὲν
1160 1075 1213 1117 τοι

128 1171 189 1227 τοῦ
216 1164 374 1246 βλάπτειν
404 1163 607 1246 άγαθοειδης
635 1162 740 1247 ἐστιν,
774 1160 847 1227 ἀντὶ
876 1159 912 1227 δὲ
942 1173 1003 1228 τοῦ
1031 1161 1147 1249 ῥέπειν

91 1295 117 1333 10
130 1270 177 1345 εἰς
209 1269 354 1354 όλεθρον
387 1271 550 1354 σωτηρίας
582 1268 687 1354 ἀρχὴν
719 1267 868 1355 παρέχει,
902 1268 957 1335 καὶ
988 1270 1050 1353 τὴν
1084 1268 1148 1356 μὲν

129 1375 348 1458 ἐπεισοδιώδη
390 1373 444 1439 καὶ
485 1372 647 1460 δευτέραν
688 1374 919 1460 συνεπομένην
960 1376 1147 1443 ὑπόστασιν

130 1481 174 1557 ῶς
198 1480 377 1567 ἀλλοτρίαν
401 1480 493 1558 ἐκτὸς
516 1484 669 1567 μεθίησι,
698 1483 759 1565 την
784 1479 820 1546 δέ
843 1484 1062 1569 πρωτουργὸν
1089 1481 1147 1548 καὶ

130 1581 188 1670 ἀφ’
214 1585 332 1671 ἑαυτῆς
358 1585 413 1651 καὶ
442 1587 478 1652 έν
507 1585 607 1672 ἑαυτῇ
635 1587 743 1652 πάντα
771 1590 915 1672 έχουσαν
941 1590 1146 1674 τελεωτάτην

131 1694 216 1777 ζωὴν
253 1696 465 1780 προσείληφε.
523 1695 578 1759 διὰ
618 1695 726 1760 πάντα
768 1690 829 1760 οὖν
870 1704 972 1761 ταῦτα
1014 1695 1147 1780 ἐκείνην
1192 1720 1195 1725 ·

90 1824 115 1864 15
129 1796 190 1884 μέν
228 1801 272 1877 ῶς
309 1798 361 1866 ἐπὶ
397 1802 605 1886 βραχύτατον
642 1800 833 1866 συστέλλειν
870 1800 982 1886 άξιον,
1019 1804 1145 1886 ταύτην
1159 1822 1213 1863 ειε

130 1903 166 1971 δὲ
189 1908 349 1992 προάγειν
369 1907 413 1983 ῶς
436 1905 489 1971 ἐπὶ
512 1913 681 1972 πλείστου·
704 1905 759 1972 καὶ
783 1907 888 1983 οὕτως
911 1909 958 1984 εἰς
980 1908 1041 1991 τὴν
1064 1910 1147 1974 κατὰ

129 2022 213 2077 νοῦν
238 2013 323 2096 ζωὴν
346 2012 366 2095 ἡ
390 2014 526 2097 τοιαύτη
546 2014 718 2099 προτροπὴ
739 2012 878 2097 γέγονεν
902 2013 1147 2099 άνυσιμωτάτη.

223 2121 312 2204 Πρός
333 2142 370 2202 γε
395 2119 460 2203 μὴν
483 2120 545 2202 την
567 2123 667 2184 θείαν
691 2123 878 2202 τελειότητα
903 2118 1042 2205 καλιὴν
1065 2124 1147 2205 μετὰ

129 2231 221 2290 θεῶν
254 2225 485 2311 συνεπομένην
520 2225 659 2312 άρίστην
690 2226 891 2291 κατάστασιν
925 2228 962 2291 αί
995 2236 1146 2293 τοιαῦται

90 2356 117 2395 εο
130 2344 259 2417 γνῶμαι
282 2338 525 2419 παρακαλοῦσι·

153 2464 219 2524 Ζεῦ
242 2459 358 2543 πάτερ,
383 2454 403 2540 ἦ
427 2463 560 2523 πολλῶν
583 2482 621 2541 γε
643 2469 755 2523 κακῶν
777 2458 938 2535 παύσειας
961 2458 1122 2542 ἅπαντας,

152 2568 183 2629 εἰ
203 2573 305 2629 πᾶσιν
329 2565 446 2641 δείξεις
470 2565 529 2650 οἵῳ
553 2572 598 2652 τῷ
624 2565 759 2649 δαίμονι
781 2576 935 2650 χρῶνται.

153 2670 235 2735 άλλόι
259 2672 302 2735 σὺ
324 2670 460 2756 θάρσει,
484 2668 554 2735 ἐπεὶ
576 2675 674 2734 θεῖον
697 2669 795 2753 γένος
818 2669 887 2736 ἐστὶ
910 2675 1090 2758 βροτοῖσιν.

131 2796 167 2860 έν
200 2795 241 2879 δὴ
271 2795 403 2871 τούτοις
434 2796 492 2879 μία
525 2790 585 2878 μέν
618 2793 734 2880 άρίστη
767 2796 971 2881 παράκλησις
1004 2798 1053 2873 εἰς
1083 2799 1146 2881 τὴν

90 2920 116 2961 ει
129 2904 229 2966 θείαν
252 2902 471 2985 εὐδαιμονίαν
493 2900 513 2985 η
537 2898 720 2985 μεμιγμένη
749 2913 820 2978 ταῖς
849 2903 960 2987 εὐχαῖς
987 2901 1043 2968 καὶ
1066 2902 1146 2970 άνα-

130 3010 265 3090 κλήσεσι
291 3019 358 3072 τῶν
386 3014 478 3072 θεῶν
506 3005 562 3072 καὶ
591 3007 732 3092 μάλιστα
759 3017 819 3073 τοῦ
848 3007 1010 3092 βασιλέως
1033 3010 1146 3076 αὐτῶν

190 3207 235 3326 611
254 3203 353 3326 τχιχλυιι.
367 3200 445 3270 θηρ]
461 3199 533 3254 Plat.
548 3198 631 3256 (livit.
641 3200 678 3253 IX
694 3219 720 3269 p.
732 3200 814 3256 5880
828 3202 837 3270 ΙΙ
851 3207 883 3255 21
896 3219 956 3270 sqq.
972 3201 1063 3258 Carm.
1078 3202 1146 3260 Aur.

131 3290 175 3326 vv.
227 3303 258 3310 -
298 3311 304 3324 .

219 3456 235 3503 3
251 3445 435 3516 ἐπωνόμασεν
446 3447 602 3517 scripsitK:
616 3443 802 3519 ἐπωνόμασαν
816 3451 825 3519 ΙΙ
840 3457 872 3506 21
885 3451 928 3522 γε]
939 3470 979 3508 τε,
998 3450 1034 3508 ef.
1044 3451 1147 3507 Nauck

130 3521 166 3574 ad
184 3520 212 3575 h.
231 3537 302 3575 vers.
317 3523 374 3590 [122
393 3520 461 3573 πᾶσι
476 3520 485 3589 [Ι
500 3520 606 3586 δείξαις
625 3519 715 3574 Carm.
736 3523 801 3575 Aur.
1130 3540 1162 3575 νο
