2430 3848
389 170 663 230 PROTREPTICUS
683 177 717 244 (ι.
736 173 794 244 ιν).
1053 174 1097 239 23

81 333 254 418 σάμενος
280 343 330 422 τῷ
359 339 435 425 νύφ
463 330 543 402 κατ’
575 335 740 400 εὐθεῖαν
770 335 1003 422 ὁρμαθήμεν
1032 335 1097 402 καὶ

81 442 392 527 τελεοδρομάσαι
428 444 495 520 τάς
537 442 656 528 ἀρχάς
697 453 780 519 τοῖς
821 441 963 528 πέρασι
1004 460 1097 510 συν-

81 547 234 624 ἀψαντα
257 545 320 612 καὶ
340 548 551 631 ἐπιγνόντα
571 550 675 613 διότι
699 547 717 613 ὁ
739 549 833 624 θεὸς
852 547 949 632 ἀρχά
970 572 1010 613 τε
1033 547 1097 615 καὶ

81 652 191 729 τέλος
218 651 282 718 καὶ
309 653 430 737 μέσον
458 654 541 720 ἐντὶ
568 655 726 721 πάντων
753 664 830 719 τῶν
857 656 953 719 κατὰ
981 656 1096 720 δίκαν

81 781 121 823 τε
143 757 207 824 καὶ
229 761 298 825 τὸν
321 760 447 846 ὀρθὸν
470 764 591 844 λόγον
614 760 934 847 περαινομένωνῖ
981 771 1122 845 σαφῶςι

82 867 123 948 δή
151 863 207 930 καὶ
235 865 271 930 ἐν
299 867 429 943 τούτοις
456 868 493 932 τὸ
521 866 614 944 τέλος
643 866 784 950 ἐπέθηκε
813 876 871 951 τῆς
897 872 1096 952 θεολογικης

81 980 280 1057 προτροπῆς,
304 974 347 1057 μή
373 973 530 1038 ἵστασθαι
554 972 653 1051 ἀξιῶν
674 971 726 1038 ἐπὶ
744 983 811 1038 τῶν
830 978 965 1039 πολλῶν
984 974 1095 1059 ἀρχῶν

81 1074 136 1142 καὶ
163 1079 297 1143 πάντων
324 1088 385 1143 τοῦ
414 1081 510 1157 ὄντος
537 1091 659 1163 γενῶν,
694 1079 873 1145 ἀναλύσειν
902 1076 939 1144 δέ
966 1086 1095 1163 προθυ-

81 1185 247 1268 μούμενος
268 1184 333 1251 ὑπὸ
358 1189 437 1270 μίαν
460 1210 495 1250 τε
513 1184 568 1251 καὶ
586 1188 648 1270 τήν
668 1185 772 1269 αὐτήν
795 1185 899 1271 ἀρχήν
918 1187 958 1250 τά
976 1187 1093 1268 πάντα,

81 1288 144 1354 ἀπὸ
169 1287 206 1355 δέ
229 1300 287 1375 τῆς
309 1301 386 1376 μιᾶς
410 1293 549 1375 διαιρῶν
571 1293 654 1357 κατά
678 1292 824 1378 ἀριθμὸν
844 1289 1031 1378 ὡρισμένον
1054 1294 1093 1356 τά
1109 1313 1134 1351 ιο

78 1399 222 1478 πλησίον
248 1407 309 1462 τοῦ
337 1396 411 1475 ἑνὸς
437 1397 492 1464 καὶ
516 1400 621 1476 οὕτως
648 1398 698 1464 ἀεὶ
726 1400 766 1464 τά
795 1399 994 1485 πορρωτέρω
1018 1398 1094 1483 ἀφι-

79 1503 224 1586 στάμενα
255 1502 310 1568 καὶ
339 1505 532 1590 ἀνιστάμενα
566 1506 769 1588 ἐπισκοπῶν,
802 1505 864 1582 ἕως
896 1504 938 1571 ἀν
970 1503 1022 1570 ἐπὶ
1054 1507 1095 1571 τὰ

80 1610 227 1693 σύνθετα
250 1609 306 1676 καὶ
330 1610 365 1676 ἐκ
392 1616 526 1676 πολλῶν
549 1614 774 1695 συνεστηκότα
802 1615 1094 1696 συναριθμήσηται

34 1731 63 1772 Α.
78 1717 116 1780 τὸ
133 1721 275 1800 πλῆθος·
295 1715 344 1781 ἐπ’
363 1719 462 1802 ἀμφω
477 1741 511 1781 τε
527 1717 613 1782 ούτω
628 1718 756 1801 προϊὼν
772 1717 884 1793 ἱκανὸς
898 1712 940 1800 ήν
956 1718 1093 1800 ἀνάγειν

78 1845 111 1886 τε
136 1820 254 1887 ἑαυτὸν
283 1822 345 1888 ἀπὸ
373 1832 434 1888 τοῦ
462 1825 614 1906 πλήθους
642 1820 694 1889 ἐπὶ
722 1824 759 1887 τὸ
790 1823 827 1886 ἓν
855 1820 909 1886 καὶ
937 1824 1092 1905 κατάγειν
1108 1842 1132 1882 15

79 1926 143 1992 ἀπὸ
166 1936 227 1992 τοῦ
254 1926 330 2005 ἑνὸς
358 1927 411 1994 ἐπὶ
438 1931 475 1994 τὸ
503 1935 641 2013 πλῆθος.
690 1925 759 1994 ἐπεὶ
787 1926 824 1992 δέ
852 1927 992 2012 μάλιστα
1016 1929 1093 2012 ἀλη-

32 2051 62 2091 K.
78 2037 175 2110 θείας
196 2032 252 2099 καὶ
279 2039 401 2119 σοφίας
428 2035 605 2120 ἐφιέμεθα,
634 2033 829 2121 προτρέπων
857 2032 910 2099 ἐπὶ
937 2036 999 2118 τήν
1026 2059 1093 2100 τοι·

77 2141 184 2224 αύτην
201 2141 382 2225 ἐπιστήμην
398 2142 594 2223 σοφώτατον
608 2139 662 2206 καί
677 2138 973 2223 παναληθέστατόν
988 2155 1093 2225 φησιν

76 2240 165 2309 εἶναι
191 2247 251 2310 τὸν
274 2247 335 2329 τήν
358 2247 517 2329 τοιαύτην
542 2247 744 2332 ὃιαιρετικήν
769 2249 886 2330 ἔχοντα
910 2245 1092 2332 ἐπιστήμην

78 2352 134 2416 διὰ
152 2363 219 2417 τῶν
237 2354 380 2435 πρώτων
399 2354 499 2419 εἰδῶν
513 2352 568 2418 καὶ
587 2364 706 2436 γενῶν,
725 2352 915 2434 συνάγοντά
933 2375 968 2416 τε
987 2353 1091 2436 αὐτήν
1107 2373 1133 2412 νο

76 2460 126 2534 εἰς
148 2459 186 2522 ἐν
209 2460 265 2523 διά
287 2469 345 2543 της
369 2460 535 2544 ὁριστικης
558 2458 747 2543 ἐπιστήμης,
771 2466 831 2522 τοῦ
854 2480 889 2520 τε
913 2454 988 2532 ἑνὸς
1011 2459 1092 2523 ὄντα

75 2568 295 2649 θεωρητικόν,
311 2566 392 2650 ὅπερ
407 2564 499 2642 τέλος
513 2563 583 2631 ἐστὶ
596 2566 703 2648 πάσης
716 2565 870 2650 θεωρίας.
901 2560 956 2627 καὶ
970 2563 1092 2628 τούτου

77 2664 109 2734 δ’
141 2672 188 2734 ἐτι
220 2671 424 2756 κυριώτερον
456 2670 588 2754 ἀγαθὸν
621 2670 778 2753 ἐπήγαγε,
815 2670 852 2734 τὸ
886 2669 995 2754 ὥσπερ
1028 2670 1092 2735 ἀπὸ
1194 2708 1196 2716 ‹

77 2785 215 2851 σκοπιᾶς
247 2776 406 2842 ἐντεῦθεν
441 2778 611 2842 δύνασθαι
644 2777 704 2842 τὸν
737 2777 821 2841 θεὸν
853 2782 1005 2860 καθορᾶν
1036 2775 1091 2841 καὶ

75 2883 183 2947 πάντα
211 2884 250 2947 τά
278 2883 315 2948 ἐν
338 2891 378 2967 τῇ
407 2886 579 2969 συστοιχία
606 2891 667 2947 τοῦ
693 2888 788 2947 θεοῦ.
836 2883 867 2946 εί
891 2883 954 2965 γάρ
984 2881 1091 2965 πάσης
1105 2902 1131 2942 ιι

76 2988 237 3073 ἀληθείας
268 2987 324 3054 καὶ
358 2989 571 3074 εὐδαιμονίας
604 2988 719 3065 οὐσίας
749 3011 784 3054 τε
814 2985 870 3054 καὶ
903 2990 1009 3066 αίτίας
1037 2988 1091 3054 καὶ

74 3105 145 3160 τῶν
173 3094 284 3179 ἀρχῶν
308 3095 326 3161 ὁ
350 3097 430 3172 θεὸς
457 3095 633 3180 ἐξηγεῖται,
661 3093 890 3160 σπουδαστέον
919 3094 956 3160 έν
984 3097 1090 3182 τούτῳ

149 3293 165 3340 2
180 3284 401 3357 τελεοδρομάσαι
415 3290 424 3358 ΙΙ
438 3284 569 3356 συνάψας
583 3307 612 3342 τε
627 3287 676 3341 καὶ
692 3284 824 3356 ἐπιγνούς
838 3285 975 3340 Mullaeh:
994 3289 1091 3340 contra

74 3375 102 3426 p.
122 3363 166 3425 22,
186 3363 220 3410 26
241 3353 463 3429 ἐκπορισάμενον
482 3359 503 3414 1.
519 3358 600 3413 Conr.
616 3357 705 3412 Orelli
723 3358 835 3426 (Opusc.
855 3359 909 3410 vet.
930 3359 1051 3410 sentent.
1066 3359 1096 3408 U

74 3431 179 3498 12665)
194 3430 203 3498 ή
216 3435 233 3482 4
248 3425 307 3483 ἐντὶ
321 3429 458 3485 Mullach:
475 3427 532 3485 ἐστι
546 3431 555 3500 Ιή
570 3435 586 3485 8
601 3430 701 3484 malim
714 3424 850 3484 ἀναλύειν
865 3427 927 3492 wx,
939 3424 1113 3478 <2anme-

72 3551 151 3602 89²0}
170 3530 305 3588 WWW
316 3536 333 3604 ί
344 3541 377 3590 14
397 3528 419 3610 ή
430 3537 551 3611 scripsit
565 3541 591 3596 K
605 3542 618 3613 ή
632 3546 668 3597 20
690 3533 772 3596 αὐτὰ
783 3533 977 3603 Ἧὶολΐκήὶῶ
1000 3501 1120 3579 0«)an-
