2430 3848
62 774 93 813 Κ.
221 753 459 819 ΚΕΦΑΛΑΙΑ
484 752 571 818 ΤΟΤ
595 753 834 820 ΔΕΤΤΕΡΟΤ
857 753 1015 819 ΔΟΓΟΤ.

63 937 85 984 A
198 916 255 990 Τίς
273 913 294 997 η
313 913 396 1000 άρχη
415 915 497 978 κατά
517 917 727 999 Πυθαγόραν
749 923 807 998 τῆς
830 917 877 990 είς
897 915 1052 979 παιδείαν
1069 911 1125 978 καὶ

104 1023 311 1105 φιλοσοφίαν
330 1022 524 1104 είσαγῶγης,
547 1018 603 1085 καὶ
626 1030 695 1096 πῶς
712 1020 888 1102 κοινοτάτη
914 1018 983 1085 ἐστὶ
1003 1017 1059 1084 καὶ
1077 1022 1125 1095 είς

102 1128 211 1192 πάντα
238 1128 279 1191 τδι
307 1129 353 1203 είς
380 1129 587 1211 φιλοσοφίαν
616 1127 728 1209 άγαθδι
755 1127 985 1209 διατείνουσα,
1013 1129 1062 1201 τίς
1089 1149 1125 1190 τε

104 1233 207 1316 αὐτῆς
234 1233 372 1317 η’τάξις
400 1231 455 1297 καὶ
482 1234 533 1298 ὅτι
560 1242 655 1319 τριχῇ
680 1234 870 1318 διαιρεῖται,
898 1232 953 1298 καὶ
980 1243 1050 1310 πῶς
1073 1229 1151 1296 άεὶσ

103 1343 257 1425 πρόεισιν
280 1338 333 1404 ἐπὶ
355 1341 393 1404 τὸ
417 1342 663 1428 καθαρώτερον.

64 1467 85 1516 Β
194 1448 350 1530 Γνῶμικὰ
378 1446 569 1530 ὁμοιώματα
596 1448 817 1532 προτρεπτικά
845 1446 908 1511 άπὸ
936 1456 1004 1512 τῶν
1028 1446 1124 1530 ἐναρ-

104 1563 174 1637 γῶν
198 1561 278 1617 πῶσι
300 1561 461 1618 κινοῦντα
484 1553 579 1637 ημῶν
602 1554 663 1636 την
690 1557 886 1638 προθυμίαν
912 1551 965 1618 ἐπὶ
988 1556 1025 1618 τὸ
1048 1577 1124 1636 γεν-

103 1662 206 1735 ναίως
234 1659 541 1744 ἀντιλαμβάνεσθαι
569 1668 626 1743 της
653 1669 774 1735 κοινῶς
796 1661 878 1723 κατά
903 1668 1013 1723 πᾶσαν
1036 1659 1124 1743 αἵρε-

104 1780 161 1829 σιν
185 1763 372 1849 νοουμένης
395 1765 521 1849 ἀρετῆς.
1138 1784 1165 1823 1⁰

62 1891 88 1941 Γ
194 1870 433 1954 Πυθαγορικοὶ
460 1882 589 1956 γνῶμαι
612 1868 848 1956 προτρεπτικαλ
876 1874 1046 1956 ἔμμετροι,
1078 1873 1124 1948 είς

103 1986 215 2042 πᾶσαν
237 1977 299 2059 την
323 1977 462 2061 ἀρίστην
481 1976 536 2042 καὶ
554 1980 733 2061 θειοτάτην
752 1981 959 2062 φιλοσοφίαν
978 1999 1125 2060 παρακα-

104 2088 176 2148 λείν
200 2085 394 2169 δυνάμεναι.

60 2211 85 2260 Δ
188 2187 461 2275 Ἐπιστημονικαὶ
478 2193 598 2276 ἔφοδοι
616 2194 663 2268 είς
676 2193 868 2276 προτροπὴν
883 2196 1053 2257 τείνουσαι
1067 2200 1124 2274 τῆς

103 2303 310 2381 θεωρητικῆς
329 2300 533 2381 φιλοσοφίας
552 2299 632 2380 μετὰ
650 2306 711 2361 τοῦ
729 2295 784 2361 καὶ
803 2297 1024 2361 διδασκαλίαν
1041 2318 1123 2382 παρ-
1139 2315 1164 2356 15

62 2422 91 2461 K
105 2401 193 2487 ἔχειν
221 2404 303 2468 ὅσον
330 2425 366 2467 τε
392 2401 447 2467 καὶ
476 2403 593 2487 ἡλίκον
621 2402 753 2486 άγαθόν
781 2401 871 2467 ἐστιν
899 2402 919 2486 η
943 2404 1046 2485 σοφία
1069 2400 1125 2467 καὶ

104 2511 161 2574 διά
183 2512 276 2586 τίνας
300 2512 406 2586 αίτιάς
428 2511 718 2596 περισπούδαστον
740 2520 811 2586 τοϊς
835 2503 873 2574 εὖ
896 2517 1072 2595 φρονοῦσι.

58 2634 85 2687 Ε
193 2614 429 2702 Πυθαγορικοὶ
454 2619 547 2694 ίδίως
565 2616 751 2703 προτροπαὶ
772 2620 857 2682 πολὺ
877 2617 1124 2702 παραλλάττου-

103 2738 160 2786 σαι
184 2723 241 2798 τὰς
264 2724 353 2807 παρὰ
375 2733 445 2799 τοῖς
468 2725 582 2800 άλλοις
606 2726 806 2807 φιλοσόφοις
824 2726 1046 2807 παρακλήσεις
1068 2721 1124 2788 καὶ

105 2830 193 2906 ἰδίας
215 2830 414 2912 ποιούμεναι
436 2830 495 2906 τάς
518 2828 673 2914 ἐφόδους.
1138 2847 1164 2886 2⁰

56 2951 88 3005 F
194 2936 383 3020 Σόμμικτοι
405 2935 592 3021 προτροπαδ
613 2940 697 3018 πρός
720 2960 755 3001 τε
778 2937 839 3019 τὴν
862 2937 1046 3020 πρακτικὴν
1068 2934 1124 3000 καὶ

102 3043 278 3124 πολιτικὴν
306 3041 427 3126 άρετην
455 3040 511 3107 καὶ
538 3045 622 3128 πρὸς
647 3045 710 3127 την
737 3053 793 3128 της
815 3041 1019 3128 τελειοτέρας
1041 3043 1124 3108 κατά

103 3157 189 3213 νοῦν
214 3151 335 3232 σοφίας
357 3152 475 3231 κτῆσίν
497 3173 533 3214 τε
555 3148 611 3214 καὶ
633 3160 761 3235 χρῆσιν.

120 3315 124 3324 ¹
195 3349 209 3396 1
230 3342 271 3397 De
291 3340 456 3397 summariis
479 3342 514 3397 cf.
537 3341 639 3398 Nauck
663 3343 719 3398 vit.
739 3344 819 3412 Pyth.
839 3348 897 3411 p.1
922 3343 931 3410 ΙΙ
954 3347 970 3395 2
990 3344 1031 3403 τίς
1050 3335 1121 3410 άρχὴ

104 3413 152 3468 fol.
174 3414 236 3468 4⁷1)
251 3415 263 3483 ΙΙ
276 3418 309 3468 16
330 3409 405 3468 ἐστίν
424 3409 541 3482 άγαθόν
560 3415 587 3468 h.
598 3414 617 3468 l.

934 3498 973 3552 ft-
