2430 3848
102 186 143 250 ης
510 184 700 240 ιΑαΒτιοΗι

102 347 192 426 δεξιά
211 344 397 433 ἐλευθέρως
416 344 496 413 οὐδὲ
511 347 676 433 ἁρμονίαν
693 350 803 431 λόγων
822 351 983 432 λαβόντος
1002 348 1118 434 ὀρθῶς

101 455 248 538 ὑμνῆσαι
270 460 362 519 θεῶν
380 477 415 519 τε
437 452 492 520 καὶ
512 454 647 540 ἀνδρῶν
666 455 876 539 εὐδαιμόνων
899 457 975 539 βίον
994 454 1117 537 ἀληθῆ.

104 555 195 645 οἶμαι
231 562 272 645 δὴ
306 555 383 643 οὖν,
420 562 453 624 εί
487 563 660 625 πείθοιντο
694 561 729 626 οί
762 562 939 646 ἀνθρωποι
974 560 1119 642 τούτοις,

103 669 242 733 πλείονα
274 664 315 731 ἀν
346 667 485 753 εἰρήνην
520 664 575 731 καὶ
611 668 695 732 κακά
731 666 853 732 ἐλάττω
890 661 961 732 κατ’
996 667 1120 743 αὐτοὺς

78 777 253 840 δέσεσθαι.
296 775 337 837 τδι
365 769 427 856 μὲν
455 768 518 837 ούν
545 774 629 838 κακά
656 769 726 839 οὔτ’
757 771 942 838 ἀπολέσθαι
973 774 1121 838 δυνατόν

107 879 324 968 (ὑπεναντίον
345 878 409 964 γάρ
428 887 523 968 τιτῷ
544 879 661 968 ἀγαθῷ
681 877 732 945 ἀεὶ
756 875 842 945 εἶναι
865 878 1021 964 ἀνάγκη),
1046 877 1117 944 οὔτ’

107 986 145 1052 έν
172 991 267 1063 θεοῖς
295 986 378 1051 αὐτά
407 987 582 1070 ίδρύσθαι,
613 987 676 1069 την
707 982 743 1050 δὲ
770 987 903 1070 θνητὴν
933 985 1038 1068 φύσιν
1065 983 1123 1050 καὶ

108 1094 206 1157 τόνδε
229 1093 289 1158 τὸν
312 1094 415 1157 τόπον
438 1098 612 1176 περιπολεῖ
637 1091 670 1170 ἐξ
696 1091 850 1175 ἀνάγκης.
893 1093 945 1156 διὸ
969 1089 1023 1157 καὶ
1051 1113 1122 1157 πει·
1137 1108 1177 1149 9οι

110 1206 234 1284 ρᾶσθαι
248 1199 310 1284 χρὴ
325 1197 465 1263 ἐνθένδε
485 1197 589 1263 ἐκεῖσε
607 1199 746 1280 φεύγειν
766 1199 783 1262 ὁ
799 1221 831 1261 τι
849 1199 994 1283 τάχιστα.
1031 1199 1123 1282 φυγὴ

69 1323 96 1363 1⁰
110 1303 147 1370 δὲ
166 1305 324 1389 ὁμοίωσις
341 1310 411 1391 θεῷ
426 1305 508 1368 κατά
526 1305 563 1368 τὸ
583 1303 744 1369 δυνατόν·
763 1303 921 1388 ὁμοίωσις
940 1301 977 1369 δὲ
992 1306 1126 1370 δίκαιον

110 1409 165 1477 καὶ
195 1411 290 1475 όσιον
320 1411 401 1494 μετά
433 1413 628 1496 φρονήσεως
658 1408 826 1493 γενέσθαι.
873 1411 955 1476 ἀλλά
986 1413 1050 1496 γὰρ
1082 1411 1126 1477 ού

111 1517 200 1582 πάνυ
224 1513 344 1604 ῥᾴδιον
366 1525 491 1599 πεῖσαι,
520 1516 564 1593 ὡς
587 1517 651 1600 ἀρα
675 1517 736 1600 ούχ
759 1511 808 1583 ὧν
831 1515 927 1582 ἕνεκα
951 1517 986 1581 οί
1005 1520 1131 1582 πολλοί

112 1640 196 1708 φασι
224 1624 296 1687 δεῖν
323 1625 490 1708 πονηρίαν
518 1620 580 1706 μὲν
603 1623 741 1706 φεύγειν
768 1621 889 1708 ἀρετὴν
913 1620 950 1689 δὲ
979 1624 1127 1706 διώκειν,

113 1731 241 1797 τούτων
269 1729 366 1816 χάριν
393 1730 430 1793 τὸ
459 1725 520 1814 μὲν
546 1727 778 1812 ἐπιτηδευτέον
806 1730 843 1794 τὸ
868 1727 899 1794 δ’
927 1730 979 1814 ού,
1003 1731 1058 1795 ἵνα
1082 1731 1126 1814 δὴ
1142 1746 1177 1786 224

74 1854 99 1894 15
115 1837 158 1921 μὴ
182 1837 281 1913 κακὸς
303 1833 358 1900 καί
381 1835 437 1900 ἵνα
461 1833 589 1919 ἀγαθὸς
613 1836 694 1920 δοκῇ
718 1830 813 1901 εἶναι.
854 1845 957 1901 ταῦτα
980 1833 1040 1921 μὲν
1063 1837 1130 1923 γάρ

114 1942 205 2008 ε’στιν
233 1942 251 2007 ὁ
279 1943 456 2025 λεγόμενος
487 1951 601 2027 γραῶν
628 1942 750 2025 ὕθλος,
785 1942 829 2019 ὡς
857 1940 930 2026 ἐμοὶ
959 1946 1131 2028 φαίνεται·

113 2051 151 2114 τὸ
185 2046 221 2113 δὲ
253 2045 377 2130 ἀληθὲς
409 2042 475 2112 ὦδε
505 2046 654 2132 λέγομεν.
699 2049 780 2125 θεὸς
812 2048 941 2133 οὐδαμῇ
975 2049 1132 2134 οὐδαμῶς

115 2157 245 2236 ἀδικος,
278 2150 349 2218 ἀλλ’
377 2154 422 2231 ὡς
450 2146 523 2218 οἷόν
549 2177 584 2219 τε
613 2155 834 2237 δικαιότατος,
865 2152 920 2219 καλ
948 2155 1010 2221 οὐκ
1036 2158 1130 2221 ἔστιν

117 2261 207 2349 αὐτῷ
231 2260 426 2346 ὁμοιότερον
445 2256 584 2343 ούδδνῆ
605 2258 641 2337 ὃς
660 2258 702 2325 ἀν
722 2260 817 2344 ἡμῶν
836 2254 879 2324 αὖ
902 2258 1038 2344 γένηται
1061 2263 1079 2327 ὁ
1098 2285 1132 2327 τι

76 2383 103 2424 2⁰
118 2371 333 2444 δικαιότατος.
378 2364 454 2450 περὶ
485 2374 583 2432 τοῦτο
611 2364 668 2431 καὶ
694 2366 715 2450 ἡ
744 2367 789 2443 ὡς
817 2366 952 2450 ἀληθῶς
980 2368 1133 2453 δεινότης

117 2474 239 2560 ἀνδρὸς
266 2472 322 2539 καὶ
343 2473 364 2557 ἡ
389 2471 542 2538 οὐδένειά
564 2496 599 2538 τε
627 2471 682 2537 καὶ
706 2471 879 2557 ἀνανδρία.
925 2472 946 2556 ἡ
977 2470 1039 2559 μὲν
1066 2477 1132 2560 γάρ

116 2581 239 2645 τούτου
262 2590 385 2663 γνῶσις
408 2582 512 2661 σοφία
534 2575 590 2643 καὶ
612 2578 711 2665 ἀρετὴ
731 2579 887 2662 ἀληθινή,
910 2579 931 2663 ἡ
955 2577 992 2644 δὲ
1011 2582 1134 2663 ἄγνοια

118 2686 246 2770 ἀμαθία
268 2682 324 2751 καὶ
346 2687 444 2750 κακία
467 2684 621 2770 ἐναργής·
654 2685 691 2750 αί
712 2682 749 2751 δὲ
772 2687 869 2750 άλλαι
893 2686 1080 2770 δεινότητές
1097 2710 1134 2752 τε

119 2793 279 2858 δοκοῦσαι
312 2789 367 2857 καλ
399 2794 517 2876 σοφίαι
548 2791 586 2858 ἐν
613 2788 674 2876 μὲν
706 2797 889 2868 πολιτικαῖς
922 2793 1135 2871 δυναστείαις

78 2914 104 2956 2⁵
118 2902 314 2984 γιγνόμεναι
336 2902 501 2986 φορτικαί,
525 2898 562 2964 ἐν
587 2895 624 2963 δὲ
645 2896 776 2983 τέχναις
794 2899 967 2983 βάναυσοι.
1004 2908 1050 2988 τῷ
1070 2895 1134 2966 οὖν

120 3007 294 3072 ἀδικοῦντι
307 3003 362 3070 καὶ
382 3005 501 3070 ἀνόσια
520 3004 650 3088 λέγοντι
665 3004 685 3088 ἣ
701 3005 879 3090 πράττοντι
893 3015 1006 3094 μακρῷ
1022 3002 1132 3093 ἄριστ’
1148 3019 1174 3059 91

119 3117 185 3199 ἔχει
208 3114 300 3178 τιτὸ
324 3113 367 3196 μὴ
387 3121 574 3197 συγχωρεῖν
597 3112 696 3198 δεινῷ
721 3111 785 3176 ὑπὸ
805 3115 1011 3196 πανουργίας
1034 3108 1135 3178 εἶναι·

120 3222 321 3304 ἀγάλλονται
343 3220 407 3305 γάρ
430 3226 476 3306 τῷ
495 3218 619 3283 ὀνείδει
642 3216 697 3282 καὶ
721 3223 849 3282 οίονται
868 3217 1004 3284 ἀκούειν
1023 3215 1074 3284 ὅτι
1095 3219 1136 3284 ού

121 3329 220 3414 ληροί
239 3328 316 3408 εἰσι,
338 3334 399 3410 γῆς
421 3325 528 3402 άλλως
546 3324 645 3408 ἀχθη,
670 3323 753 3390 ἀλλά
771 3324 892 3411 ἀνδρες
911 3325 1004 3402 οἴους
1028 3326 1083 3390 δεῖ
1099 3326 1137 3392 ἐν

183 3556 219 3602 21
239 3547 395 3624 α’νανδριὸι
414 3556 479 3612 PA:
501 3551 628 3625 ἀνδρεία
640 3557 654 3626 λλ
666 3559 705 3610 24
722 3552 865 3610 δοκοῦσαι
876 3553 945 3606 Ἦν.
961 3544 1093 3604 δοκούσα(
