2430 3848
335 179 605 237 PROTREPTICUS
625 183 659 251 (ο.
675 180 734 237 XII.
748 180 834 251 XIII).
1048 181 1087 246 61

73 342 176 430 χωρὶς
207 344 314 427 πάσης
345 345 459 426 λύπης.
510 343 615 420 οὕτως
642 337 705 409 οὖν
733 344 880 420 ἐπιόντες
907 345 955 421 είς
981 352 1091 409 πᾶσαν

74 452 293 537 εὐδαιμονίαν
316 449 514 536 εὑρίσκομεν
536 450 616 534 ημῖν
639 452 914 535 συμβαλλόμενον
937 451 974 515 τὸ
996 455 1091 535 φιλο-

73 566 209 642 σοφεῖν·
234 558 349 643 διόπερ
368 556 472 622 αὐτοῦ
491 555 796 641 ἀντιλαμβάνεσθαι
814 555 907 635 ἀξιον
926 557 971 634 ὡς
989 572 1091 622 σπου-

74 663 255 730 δαιοτάτου
276 661 332 728 καί
355 663 495 748 μάλιστα
517 662 598 746 ἡμῖν
621 666 855 748 προσήκοντος.

165 769 256 834 ΧΠΙ.
332 770 346 833 ί
372 766 408 834 δὲ
437 770 490 834 δεῖ
513 767 569 834 καὶ
597 769 660 835 ἀπὸ
688 779 755 834 τῶν
781 768 857 855 περὶ
889 772 1117 854 φιλοσοφίαςε

75 876 219 943 ἐννοιῶν
241 878 451 959 ποιήσασθαί
476 899 551 940 τινα
579 873 633 941 ἐπὶ
659 885 758 942 τοῦτο
785 876 1007 960 παράκλησιν,
1039 881 1089 942 ίθι

76 984 120 1067 δη
147 981 202 1048 καὶ
230 982 293 1048 ἀπὸ
320 983 449 1048 τούτων
477 979 670 1066 ἐπέλθωμεν
698 981 828 1047 οὑτωσί
873 983 1091 1048 κινδυνεύου-

76 1105 134 1154 σιν
166 1090 240 1154 ὅσοι
273 1091 498 1173 τυγχάνουσιν
531 1089 643 1174 ὀρθῶς
679 1088 856 1173 ἁπτόμενοι
888 1092 1092 1174 φιλοσοφίας

75 1194 256 1279 λεληθέναι
283 1197 362 1271 τοὺς
389 1196 524 1276 ἀλλους,
553 1194 604 1258 ὅτι
631 1190 733 1259 οὐδὲν
755 1195 836 1259 ἀλλο
864 1192 959 1259 αὐτοὶ
982 1193 1091 1277 ἐπιτη-

77 1302 237 1367 δεύουσιν
264 1300 285 1385 ἢ
313 1297 542 1386 ἀποθνῄσκειν
568 1322 604 1365 τε
630 1298 686 1365 καλ
712 1301 882 1367 τεθνάναι.
927 1299 983 1365 καί
1005 1300 1092 1386 μάλα
1107 1323 1132 1363 10

29 1430 61 1470 K
77 1409 219 1485 είκότως.
269 1406 391 1491 λέληθε
422 1408 486 1491 γάρ
517 1410 597 1484 τοὺς
628 1411 772 1485 πολλοὺς
803 1399 824 1494 ᾗ
855 1429 890 1473 τε
919 1415 1092 1474 θαυατῶσι

75 1512 133 1579 καί
164 1505 186 1599 ᾗ
214 1512 303 1592 ἄξιοί
332 1514 396 1579 εἰσι
427 1514 579 1578 θανάτου
600 1510 667 1577 καὶ
699 1513 773 1578 οἵου
805 1514 957 1580 θανάτου
988 1516 1023 1581 ολ
1048 1518 1092 1592 ὡς

76 1621 213 1703 ἀληθῶς
236 1623 427 1705 φιλόσοφοι.
473 1620 620 1695 θάνατος
642 1615 704 1702 μὲν
727 1614 789 1685 οὖν
812 1619 902 1685 ἐστιν
925 1621 987 1687 οὐκ
1010 1623 1091 1688 ἀλλο

76 1751 110 1792 τι
137 1725 158 1810 ἢ
186 1727 207 1810 η
235 1735 293 1810 τῆς
320 1734 427 1811 ψυχῆς
455 1725 519 1791 ἀπὸ
547 1734 607 1791 τοῦ
635 1725 785 1809 σώματος
816 1725 1003 1810 ἀπαλλαγή,
1028 1726 1092 1804 Ικαί
1173 1742 1177 1755 ‘

33 1851 62 1894 Δ,
77 1836 149 1899 ἔστι
175 1842 274 1899 τοῦτο
306 1835 343 1898 τὸ
375 1833 551 1916 τεθνάναι,
583 1830 684 1917 χωρίς
711 1828 772 1916 μὲν
804 1830 867 1897 ἀπὸ
897 1841 954 1916 της
985 1843 1093 1918 ψυχῆς
1107 1853 1132 1894 15

77 1937 266 2023 ἀπαλλαγὲν
294 1939 374 2004 αι’πὸ
402 1936 480 2003 καθ’
513 1938 592 2004 αὑτὸ
622 1940 660 2004 τὸ
688 1948 782 2022 σῶμα
807 1937 997 2023 γεγονέναι,
1029 1964 1092 2025 χω-

78 2044 132 2131 ρὶς
159 2042 196 2110 δὲ
222 2047 284 2129 την
311 2047 421 2130 ψυχὴν
448 2054 508 2111 τοῦ
535 2045 686 2129 σώματος
713 2045 958 2130 ἀπαλλαγεῖσαν
987 2047 1092 2130 αὐτην

77 2149 159 2218 καθ’
195 2152 301 2236 αὑτὴν
333 2147 427 2217 εἶναι.
481 2153 603 2217 τούτου
636 2152 677 2236 δη
715 2146 778 2217 οὖν
811 2153 916 2230 οὕτως
948 2156 1092 2238 ἔχοντος,

79 2260 214 2336 είκότως
237 2260 279 2343 δὴ
304 2258 364 2324 οὐκ
387 2261 457 2324 ἐστι
479 2261 672 2342 φιλοσόφου
700 2257 823 2344 ἀνδρὸς
852 2258 1092 2327 ἐσπουδακέναι

78 2363 157 2450 περὶ
178 2366 237 2441 τάς
258 2364 382 2447 ηδονδις
404 2361 611 2448 καλουμένας
633 2364 691 2439 τάς
713 2363 861 2446 τοιάσδε,
893 2357 966 2430 οἷον
989 2370 1093 2433 σίτων
1107 2386 1133 2427 εο

78 2494 115 2535 τε
141 2469 198 2536 καλ
224 2480 350 2554 ποτῶν,
379 2467 459 2535 οὐδὲ
483 2471 541 2545 τάς
563 2479 631 2533 τῶν
657 2469 880 2554 ἀφροδισίων·
909 2465 981 2536 ἀλλ’
1012 2471 1092 2539 οὐδὲ

77 2578 137 2654 τδις
159 2579 261 2654 ἀλλας
283 2578 341 2654 τὰς
362 2573 438 2662 περὶ
460 2577 498 2640 τὸ
522 2585 616 2660 σῶμα
634 2577 814 2661 θεραπείας
837 2576 990 2662 ἐντίμους
1012 2579 1092 2663 ἡγη-

79 2701 172 2749 σεται
199 2683 217 2749 ὁ
245 2691 410 2766 τοιοῦτος,
440 2674 513 2748 οἷον
543 2683 682 2765 ίματίωυ
710 2684 941 2769 διαφερόντων
963 2688 1093 2769 κτήσεις

79 2789 136 2856 καλ
158 2789 392 2874 ὑποδημάτων,
416 2787 471 2854 καὶ
493 2791 572 2867 τοὺς
594 2791 716 2865 ἀλλους
738 2793 992 2876 καλλωπισμοὺς
1014 2796 1093 2870 τοὺς

79 2895 156 2983 περὶ
178 2898 216 2961 τὸ
240 2906 334 2982 σῶμα
353 2896 395 2962 οὐ
413 2904 501 2983 τιμᾷ,
525 2895 671 2980 ἀτιμάζει
690 2892 727 2960 δὲ
749 2898 898 2962 καθόσον
919 2897 963 2982 μὴ
987 2900 1092 2983 πολλὴ
1107 2914 1133 2957 ετ

28 3023 65 3065 ιιι
81 3003 208 3088 ἀνάγκη
237 3000 384 3088 μετέχειν
412 3003 530 3068 αὐτῶν.
577 3002 662 3079 ὅλως
690 3004 783 3068 δοκεῖ
806 3003 827 3085 η
855 3012 915 3070 τοῦ
937 3005 1092 3071 τοιούτου

79 3112 286 3196 πραγματεία
319 3111 360 3176 οὐ
392 3107 467 3195 περὶ
498 3111 535 3174 τὸ
568 3119 662 3193 σῶμα
694 3103 794 3194 εἶναι,
827 3110 910 3176 ἀλλά
941 3115 1092 3178 καθόσον

171 3309 195 3357 τ.
214 3321 242 3372 p.
258 3308 301 3370 οε,
315 3309 349 3358 29
368 3302 439 3359 Ριιι.
458 3302 599 3358 Phaedon.
618 3321 645 3372 p.
661 3301 843 3358 οιΑ-εει).

124 3548 131 3567 ι
170 3485 188 3535 σ
206 3479 271 3550 περὶ
285 3482 400 3536 tuentur
413 3480 497 3537 etiam
515 3479 672 3538 summaria
684 3499 714 3554 ρ.
725 3482 856 3552 αρνιμ
869 3479 960 3534 τουτο
970 3476 1129 3541 &Qu

81 3569 185 3605 wvwv.
