2430 3848
113 219 134 283 6
339 216 462 271 IAMBL.
480 215 682 271 PROTREPT.
702 216 904 271 SUMMARIA.

202 378 414 464 Μεμιγμέναι
431 378 601 462 ὑποθῆκαι
618 388 821 464 προτροπαϊς
839 387 935 464 κοινῇ
955 380 1131 462 διήκουσαι
1151 397 1179 446 K

113 485 167 552 ἐπὶ
193 487 301 551 πάντα
327 487 368 550 τὰ
396 485 508 568 ἀγαθά
534 483 589 550 καὶ
615 486 656 550 τά
679 483 761 570 μέρη
784 486 891 550 πάντα
913 487 953 550 τά
977 485 1013 550 έν
1037 491 1131 570 φιλο-

114 596 218 679 σοφίᾳ
244 591 300 658 καὶ
327 594 367 657 τά
394 591 470 675 τέλη
494 600 555 656 τοῦ
578 594 670 674 βίον,
699 586 746 656 ὧν
769 591 957 675 στοχάζεται
979 591 1000 674 ἡ
1024 591 1131 676 ἀρετή.

138 680 143 687 ,
205 703 262 778 Τίς
288 698 309 782 ἡ
334 698 518 783 συμβολικὴ
546 698 717 784 προτροπὴ
742 695 797 762 καὶ
823 709 893 774 πῶς
919 702 1047 781 γίνεται
1075 700 1131 763 ὃιά
1146 715 1194 766 ΚΑ

86 809 304 891 τσυμβόλων,
328 802 507 882 ἀνάπτυξίς
529 826 563 868 τε
587 801 643 868 καὶ
665 804 761 886 κοινὴ
784 814 852 869 τῶν
875 807 1053 888 συμβόλων
1076 803 1132 870 καὶ

114 913 184 976 ι’ὃία
207 909 362 993 ἑκάστου,
391 913 497 995 μόνον
521 905 575 973 ἀπ’
603 909 714 973 αὐτῶν
737 911 774 973 τὸ
797 914 1037 994 προτρεπτικὸν
1061 910 1132 995 ἐξη-

112 1016 259 1102 γουμένη
282 1027 436 1100 ποσαχῶς
461 1018 603 1099 γίνεται,
632 1016 693 1099 τὴν
717 1011 753 1079 δὲ
777 1017 882 1099 ἀλλην
904 1021 1132 1102 πραγματείαν

112 1123 189 1210 περὶ
210 1136 279 1191 τῶν
302 1126 481 1207 συμβόλων
504 1122 650 1206 ἀλλαχοῦ
672 1121 926 1208 ὑπερτιθεμένιγ.

120 1616 415 1692 ΙΑΜΒΛΙΧΟΤ
441 1616 752 1690 ΧΑΛΚΙΔΕΩΣ
780 1618 887 1690 ΤΗΣ
913 1617 1122 1693 ΚΟΙΛΗΣ
1143 1610 1188 1708 ξζὲ

71 1773 98 1813 10
248 1734 432 1809 ΣΤΡΙΑΣ
460 1734 874 1810 ΠΡΟἹῬΕΠΤΙΚΟΣ
901 1737 994 1810 ΕΠΙ

440 1852 788 1929 ΦΙΛΟΣΟΦΙΑΝ.

124 2093 126 2097 ,
199 2028 225 2092 Ι.
249 2024 335 2112 Περὶ
358 2023 419 2110 μὲν
442 2027 651 2110 Πυθαγόρου
674 2023 729 2090 καὶ
747 2035 808 2092 τοῦ
826 2023 897 2092 κατ’
925 2028 1027 2093 αὐτὸν
1051 2031 1129 2110 βίον

109 2144 177 2198 τῶν
196 2156 230 2198 τε
249 2138 499 2218 Πυθαγορικῶν
520 2132 656 2217 ἀνδρῶν
674 2134 714 2197 τά
733 2133 902 2218 σύμμετρα
921 2133 957 2199 έν
976 2145 1046 2210 τοϊς
1063 2136 1128 2217 πρὸ

110 2240 239 2304 τούτων
262 2241 450 2324 εἰρήκαμεν,
476 2238 655 2323 ἀρχώμεθα
680 2235 717 2302 δὲ
740 2241 777 2303 τὸ
800 2241 919 2304 λοιπὸν
942 2240 1048 2305 αὐτοῦ
1071 2250 1130 2324 τῆς

69 2373 96 2413 15
110 2343 268 2432 αἱρέσεως
296 2345 359 2411 ἀπὸ
387 2355 445 2430 τῆς
473 2353 587 2429 κοινῆς
610 2346 657 2422 είς
679 2354 789 2409 πᾶσαν
812 2346 967 2412 παιδείαν
989 2345 1045 2411 καὶ
1068 2348 1129 2432 μά-

109 2460 214 2536 θιγσιν
246 2450 302 2517 καὶ
329 2452 450 2537 ἀρετὴν
480 2461 705 2536 παρασκευῆς,
738 2452 809 2535 ἥτις
841 2452 882 2516 οὐ
914 2453 996 2517 κατά
1028 2451 1130 2540 μέρος

110 2558 325 2640 ἀπολαβοῦσα
348 2559 431 2642 πρὸς
454 2557 491 2621 έν
514 2558 633 2621 τιτῶν
652 2558 787 2622 πάνταν
810 2559 1050 2643 παρασκεύαζει
1067 2561 1129 2625 τὸν

109 2666 293 2749 ἄνθρωπον
322 2661 524 2746 ἐπιτήδειον,
558 2660 629 2728 ἀλλ’
661 2663 705 2739 ὡς
732 2662 842 2739 ἁπλῶς
870 2666 975 2729 εἰπεῖν
1005 2667 1063 2742 τάς
1091 2665 1129 2732 ἐν

110 2771 198 2858 αὐτῷ
226 2772 418 2855 προθυμίας
444 2767 621 2855 προτρέπει
649 2772 696 2846 είς
722 2770 830 2835 πάντα
863 2769 923 2854 μὲν
951 2773 991 2836 τά
1020 2776 1129 2856 μαθή-

198 2984 213 3033 2
232 2975 267 3033 τὰ
282 2976 376 3033 πάντα
390 2975 425 3032 τά
440 2973 484 3047 ἀγ.
499 2978 527 3033 h.
541 2979 573 3032 l.:
588 2977 682 3033 πάντα
697 2975 743 3047 ἀγ.
758 2980 805 3035 fol.
818 2987 876 3035 7382
889 2983 899 3050 ΙΙ
912 2977 1006 3034 πάντα
1022 2978 1053 3034 ἒν
1068 2986 1127 3050 φιλ.

108 3053 134 3106 h.
144 3051 163 3105 l.
178 3052 187 3118 ΙΙ
201 3056 217 3103 4
227 3051 353 3118 γίγνεται
362 3049 389 3104 h.
400 3050 418 3102 l.
432 3051 443 3119 ΙΙ
457 3053 472 3102 5
482 3066 522 3117 sq.
533 3051 613 3118 κοινῆ
624 3050 679 3104 τῶν
693 3054 775 3124 σνμβ.
784 3051 833 3106 καὶ
843 3049 891 3107 διὰ
903 3048 1024 3106 έκοὶστου
1035 3049 1127 3107 αὐτοῦ

95 3186 96 3190 ¹
108 3122 162 3177 h.1.
177 3123 187 3191 λΙ
201 3121 367 3190 Ὶποσαχῶς]
377 3120 437 3182 πῶς
447 3117 519 3190 ἀργὴ
531 3120 577 3175 fol.
588 3123 647 3176 76b
661 3125 671 3191 l}
686 3128 719 3177 10
728 3139 768 3191 sq.
778 3119 980 3191 προτρεπτικὸς
990 3120 1035 3177 ἐπὶ
1048 3126 1128 3191 φιλο-

108 3195 213 3261 σοφίαν
231 3190 261 3245 in
274 3191 367 3245 indice
380 3191 443 3245 libr.
458 3190 557 3245 Iambl.
574 3191 602 3260 (f.
619 3195 681 3263 1a):
695 3197 897 3262 πυθαγορείων
914 3189 1126 3263 ὑπομνημάτων

107 3276 198 3422 τειρρρά
216 3292 281 3421 fuge
295 3293 652 3423 'fofflwfgtfflflzfflvgl
665 3297 706 3361 είς
729 3301 901 3382 φιλοσοφίαν
918 3300 971 3424 {lest
990 3300 1127 3382 len3mqta

107 3383 405 3510 εοάράἀάηεάῐάινθαγ.
420 3374 709 3511 ’ὑπομνηάἀίλόγάἀ
721 3371 1128 3514 ἀέάῗεάἀῧχάεάιέὲἀνωτάἀς

106 3530 202 3580 προτρ.
223 3509 282 3577 λόγ.
308 3507 348 3570 εἰς
372 3513 429 3575 φιλ.
448 3510 593 3565 Fabricius
613 3510 756 3580 (Zeitschr.
781 3513 826 3566 fiir
849 3512 895 3567 die
912 3511 1125 3568 Alterthumsw.

103 3586 185 3650 1838,
203 3584 264 3650 111)
278 3582 289 3650 ll
305 3585 338 3633 14
356 3575 514 3650 ἀρχώμεθα
532 3580 569 3635 Α;
589 3577 749 3652 ἀρχόμεθα.
