2430 3848
358 210 634 269 PROTREPTICUS
653 215 687 282 (ο.
702 213 772 282 XX).
1011 214 1073 280 101

56 374 220 461 θρώπους
241 381 287 463 τῷ
310 374 451 462 τοιούτῳ
474 375 577 458 φύντι
599 377 779 459 πολεμίους
808 374 1075 455 κατασταθέντας

58 481 114 546 διά
136 481 198 564 τὴν
226 477 354 546 ἑαυτῶν
378 480 554 565 εὐνομίαν,
581 478 637 546 καί
664 482 702 546 τὸ
730 485 861 566 πλῆθος
888 479 908 565 ἣ
932 480 1030 569 τέχνῃ
1053 482 1075 567 ἢ

15 604 42 646 ε
56 586 199 671 δυνάμει
226 585 478 673 ὑπερβαλέσθαι
505 577 548 653 ἀν
573 585 630 652 καί
657 585 895 674 περιγενέσθαι
921 597 983 653 τοῦ
1009 612 1076 654 τοι·

57 693 161 759 ούτον
193 690 324 779 ἀνδρός.
370 692 458 759 οὕτω
486 693 641 778 φαίνεται
671 691 728 759 καὶ
760 693 841 760 αὐτὸ
874 695 911 761 τὸ
942 693 1073 781 κράτος,

58 799 139 885 ὅπερ
165 799 206 882 δὴ
229 797 349 882 κράτος
371 799 456 882 έοτί,
485 799 541 864 διά
567 823 604 866 τε
631 809 692 866 τού
719 803 827 885 νόμον
856 799 912 867 καὶ
936 802 992 866 διά
1013 802 1102 885 τὴντ

60 906 159 988 δίκην
192 908 390 993 σῳζόμενον.
435 903 538 992 χωρίς
569 903 607 971 δὲ
639 907 768 972 τούτων
801 907 882 973 αὐτὸ
916 903 962 973 δι’
994 906 1075 973 αὐτὸ

60 1011 196 1097 αίρετόν
218 1009 289 1077 ἐστι
310 1015 349 1078 τὸ
373 1013 520 1094 δίκαιον,
548 1010 604 1078 καὶ
632 1013 733 1096 φύσει
760 1014 843 1098 πρὸς
866 1013 947 1078 αὐτὸ
970 1014 1076 1098 πεφύ-

56 1141 170 1202 καμεν.
212 1117 275 1185 κάν
298 1116 405 1204 μηδὲν
428 1112 491 1185 οὖν
514 1128 582 1184 τῶν
606 1117 734 1198 ἔξωθεν
756 1119 989 1205 περιγίγνηται
1010 1118 1075 1185 κάν

57 1222 267 1308 ἐλαττώματά
289 1248 367 1291 τινα
389 1227 557 1312 συμβαίνῃ
582 1225 797 1311 ἀνθρώπινα,
823 1226 1074 1313 δικαιοπραγεῖν

57 1330 164 1414 ἀξιον,
189 1330 233 1408 ὡς
256 1333 377 1399 τούτου
400 1334 498 1410 ὄντος
519 1341 600 1398 πᾶσι
622 1333 830 1418 τιμιωτάτου.
1091 1351 1116 1390 10

146 1440 286 1504 Μαθεῖν
306 1436 343 1504 δὲ
366 1437 460 1518 ἀξιον
482 1436 538 1505 καὶ
560 1447 664 1504 ταῦτα
686 1436 760 1526 περὶ
782 1447 841 1524 τῆς
861 1438 1019 1524 εὐνομίας
1041 1461 1077 1504 τε

57 1540 112 1608 καὶ
140 1541 295 1629 ἀνομίας,
323 1546 405 1611 ὅσον
433 1543 633 1631 διαφέρετον
658 1545 831 1629 ἀλλήλοιν,
858 1542 914 1610 καλ
943 1541 1077 1631 ὅτιμὲν

58 1648 199 1733 εὐνομία
222 1651 359 1737 ἀριστον
383 1657 433 1736 είη
456 1649 630 1736 καὶκοινῇ
653 1648 709 1716 καί
736 1652 821 1738 ἰδία,
849 1651 870 1734 ἡ
893 1650 1015 1735 ἀνομία
1039 1648 1077 1716 δὲ

10 1772 44 1814 *K
57 1756 231 1822 κάκιστον·
255 1757 293 1822 αί
312 1759 376 1843 γάρ
399 1767 598 1845 παραχρῆμα
621 1757 742 1841 βλάβαι
763 1757 938 1840 γίγνονται
960 1754 997 1822 έκ
1019 1764 1077 1840 τῆς

58 1861 207 1947 ἀνομίας.
253 1863 430 1951 ἀρξώμεθα
454 1860 491 1930 δὲ
513 1865 554 1929 τὰ
576 1873 634 1948 τῆς
657 1863 814 1949 εὐνομίας
831 1863 970 1945 δηλοῦν,
993 1862 1076 1947 άπερ
1091 1881 1117 1922 15

60 1972 211 2053 γίγνεται
233 1971 386 2056 πρότερα.

150 2078 268 2153 Πίστις
291 2073 353 2161 μὲν
375 2077 489 2163 πρώτη
508 2074 695 2160 ἐγγίγνεται
713 2075 750 2141 ἐκ
766 2084 824 2159 τῆς
843 2076 1001 2161 εὐνομίας
1022 2098 1078 2160 με·

58 2181 144 2264 γάλα
169 2180 346 2265 ὠφελοῦσα
368 2185 447 2259 τοὺς
469 2180 673 2268 ἀνθρώπους
694 2184 772 2259 τοὺς
795 2183 999 2266 σύμπαντας,
1021 2179 1078 2247 καί

32 2363 36 2369 ,
59 2297 127 2352 τῶν
151 2288 303 2372 μεγάλων
326 2288 466 2372 ἀγαθῶν
488 2290 587 2352 τοῦτό
611 2286 693 2353 έστι·
721 2289 817 2353 κοινά
845 2289 909 2372 γάρ
936 2288 977 2352 τά
999 2291 1077 2374 χρή-

60 2389 156 2480 ματα
169 2398 318 2478 γίγνεται
340 2395 374 2474 ἐξ
402 2395 515 2483 αὐτῆς,
543 2392 598 2459 καὶ
622 2394 709 2459 οὐτώ
732 2391 794 2478 μὲν
822 2393 881 2459 ἐὰν
902 2391 958 2458 καὶ
981 2392 1078 2477 ὀλίγα
1092 2413 1118 2453 εο

60 2493 82 2586 ᾖ
105 2499 236 2587 ἐξαρκεῖ
257 2503 346 2585 ὅμως
367 2501 592 2586 κυκλούμενα,
621 2501 703 2566 ἀνευ
731 2495 768 2565 δέ
791 2500 912 2584 ταύτης
935 2494 1009 2566 οὐδ’
1036 2498 1078 2566 ἀν

59 2609 167 2673 πολλά
190 2599 211 2693 ᾖ
235 2607 371 2694 ἐξαρκεῖ.

10 2726 48 2770 δὲ
149 2711 217 2779 Καὶ
240 2714 278 2779 αί
297 2715 393 2799 τύχαι
417 2710 453 2779 δέ
473 2714 510 2779 αί
526 2715 572 2791 είς
592 2714 633 2778 τά
655 2717 804 2798 χρήματα
830 2711 886 2778 καὶ
907 2715 967 2778 τὸν
990 2716 1077 2796 βίον,

60 2821 97 2885 αἵ
116 2845 153 2886 τε
176 2818 304 2904 ἀγαθαὶ
326 2819 381 2886 καὶ
400 2823 454 2904 μή,
480 2819 515 2886 ἐκ
537 2829 595 2903 τῆς
613 2819 771 2904 εὐνομίας
792 2829 863 2895 τοῖς
885 2817 1078 2904 ἀνθρώποις

59 2928 326 3013 προσφορώτατα
348 2931 589 3012 κυβερνῶνται·
611 2925 691 3000 τούς
713 2947 747 2989 τε
771 2926 834 3009 γάρ
856 2924 1078 3008 εὐτυχοῦντας
1092 2943 1118 2983 25

61 3033 207 3117 ἀσφαλεῖ
227 3033 310 3118 αὐτῇ
333 3039 480 3120 χρῆσθαι
502 3029 558 3097 καί
579 3030 857 3119 ἀνεπιβουλεύτφ,
880 3030 960 3108 τούς
976 3053 1011 3096 τε
1035 3026 1078 3095 αὖ

61 3141 310 3225 δυστυχοῦντας
333 3139 584 3224 έπικουρεῖσθαι
612 3137 648 3203 έκ
674 3147 742 3203 τῶν
766 3137 996 3222 εὐτυχούντων
1022 3138 1078 3202 διά

60 3247 121 3329 τὴν
151 3245 317 3331 ἐπιμιξίαν
343 3270 379 3312 τε
406 3243 461 3312 καὶ
488 3248 616 3326 πίστιν,
650 3245 732 3329 άπερ
766 3243 801 3310 έκ
833 3253 892 3327 τῆς
921 3243 1079 3328 εὐνομίας

61 3375 218 3436 γιγνεται.

150 3515 165 3564 9
185 3500 293 3578 σνμβάί
303 3510 317 3578 11
334 3513 368 3563 12
385 3525 455 3565 num
478 3502 524 3566 ὅτι
542 3503 607 3586 (ἡ)
631 3505 684 3583 μὶν
705 3506 816 3564 &ems
835 3522 911 3560 mx
933 3499 1064 3564 εὐνομία
1080 3499 1117 3546 εἰς.

56 3575 179 3647 άνομίαῖ
188 3579 204 3647 ll
215 3585 319 3649 nsqq.
342 3582 379 3638 de
396 3582 533 3642 numeris
550 3585 586 3642 'm
606 3583 711 3643 οοδὶοο
729 3578 877 3655 mem
890 3593 926 3630 η,
939 3565 1077 3640 §mm
1192 3644 1195 3649 Ι
