2430 3848
395 133 669 190 εειουεωεωοοε
689 137 722 205 (0.
737 135 795 205 111).
1063 137 1103 201 15
1151 180 1155 187 ,

84 300 184 381 Διός,
215 297 354 381 δευτέρα
383 294 420 361 δὲ
448 297 468 380 ῆ
495 306 557 363 τοῦ
580 294 741 374 δοθέντος
764 296 819 363 καὶ
846 299 1104 383 συγκληρωθέν-

84 428 142 482 τος
163 405 244 490 ῆμῖν
267 404 331 469 ἀπὸ
354 415 422 469 τῶν
445 409 537 470 θεῶν
562 405 721 488 δαίμονος
752 406 852 484 δεῖξις
876 406 1026 491 ἐμφανὴς
1048 404 1103 471 καὶ

10 527 70 571 11.
87 505 132 575 δι’
155 511 259 576 αὐτοῦ
282 511 383 574 πάλιν
401 512 484 596 πρὸς
506 513 585 587 τοὺς
607 514 710 588 θεοὺς
734 511 899 595 ἀναγωγῆ.
941 508 1103 597 οὐδὲγὰρ

86 616 128 682 ἀν
162 617 269 692 ἀλλως
300 640 350 692 τις
382 617 546 699 δυνηθείη
580 617 663 702 πρὸς
699 618 736 682 τὸ
771 620 949 682 θειότατον
982 616 1104 684 ἑαυτοῦ

86 720 141 788 καὶ
177 723 383 808 κυριώτατον
415 731 473 804 τῆς
510 723 626 799 οὐσίας
662 722 881 808 ἀναδραμεῖν,
920 726 951 788 εί
981 725 1024 808 μῆ
1057 733 1130 813 τῷε

10 850 71 889 εεΚ.
87 829 228 915 τοιούτῳ
254 830 388 912 δαίμονι
411 828 550 913 ἡγεμόνι
572 833 749 915 χρήσαιτο,
775 830 815 896 ὃν
840 832 894 896 δεῖ
913 831 1020 896 πάντα
1044 832 1103 896 τὸν

87 935 230 1021 έραοτῆν
253 944 320 1000 τῶν
343 942 435 1000 θεῶν
459 939 605 1020 γνησίως
624 936 875 1021 ἀποκαθαίρειν.
918 932 978 1022 ἀφ’
1000 933 1041 1003 οὗ
1061 939 1101 1022 δὴ

85 1041 198 1129 πρώτη
232 1038 293 1125 μέν
326 1045 418 1107 ἔσται
449 1054 560 1108 κακῶν
591 1049 702 1109 παῦλα
738 1053 805 1109 τῶν
838 1048 1102 1129 συμπεφυκότων
1150 1100 1152 1104 ,

85 1149 166 1234 ημῖν
189 1147 253 1213 ἀπὸ
276 1157 334 1232 τῆς
356 1149 532 1234 γενέσεως,
562 1153 672 1216 ἔπειτα
700 1162 821 1234 γνῶσις
850 1151 930 1236 ἡμῖν
958 1151 1101 1235 ἀληθινὴ

85 1254 246 1340 παρέσται
273 1265 331 1340 τῆς
359 1257 535 1340 δαιμονίας
561 1256 615 1323 καὶ
643 1260 806 1343 μακαρίας
834 1261 930 1341 ζωῆς,
965 1259 1025 1341 όση
1054 1261 1103 1335 τίς
1118 1279 1143 1318 10

86 1361 156 1426 ἐστι
182 1359 239 1426 καὶ
267 1360 378 1426 ὁποία·
414 1359 491 1446 μεθ’
522 1358 562 1446 ῆς
589 1362 740 1441 ἀνιόντες
765 1365 803 1429 τὸ
832 1364 979 1450 ἀρχηγὸν
1005 1371 1103 1430 θεῖον

85 1465 184 1551 γένος
206 1477 274 1532 τῶν
298 1467 490 1554 ἀνθρώπων
513 1474 744 1555 κατοψόμεθα,
775 1456 829 1537 καὶ
858 1473 904 1548 είς
932 1471 1012 1537 αὐτὸ
1037 1473 1103 1538 ἐνι-

87 1573 271 1660 δρυθέντες
303 1573 396 1652 τέλος
432 1575 548 1661 ἕξομεν
581 1586 642 1641 τοῦ
677 1577 900 1664 προτεθέντος
936 1579 1001 1644 ὑπὸ
1036 1590 1103 1644 τῶν

84 1687 178 1747 θεῶν
201 1691 272 1758 τοῖς
295 1681 488 1768 ἀνθρώποις
511 1683 763 1766 μακαριωτάτου
787 1686 873 1764 βίου.

173 1785 245 1852 Ἐπὶ
268 1786 353 1853 τέλει
377 1791 495 1853 τοίνυν
513 1789 596 1874 πρὸς
618 1788 679 1871 τῆν
698 1789 896 1874 μετάσταοιν
918 1799 975 1872 τῆς
998 1800 1104 1874 ψυχῆς
1119 1809 1144 1849 15

84 1893 263 1979 προτρέπει
285 1892 340 1959 καὶ
364 1895 425 1978 τῆν
450 1896 535 1979 ζωὴν
554 1894 655 1979 αὐτῆς
678 1896 739 1979 τῆν
761 1891 839 1960 καθ’
867 1893 999 1979 ἕαυτῆν,
1024 1893 1101 1961 καθ’

84 2001 129 2083 ἣν
153 2000 356 2084 ἀπήλλακται
379 2009 440 2065 τοῦ
464 2002 614 2086 σώματος
637 2000 692 2067 καὶ
715 2013 783 2067 τῶν
805 2011 850 2090 τῷ
877 2003 1002 2087 σώματι
1027 2018 1105 2067 συν-

84 2104 282 2192 ηρτημένον
306 2107 450 2190 φύσεων.
497 2106 585 2191 λέγει
609 2104 646 2172 δὲ
670 2108 787 2185 οὕτως’

131 2231 271 2314 ἡνίοχον
295 2231 433 2316 γνώμην
457 2240 580 2315 στῆσον
603 2233 821 2318 καθύπερθεν
845 2232 1001 2317 ἀρίστην,

132 2337 175 2420 ἣν
200 2332 231 2402 δ’
254 2336 437 2416 ἀπολείψας
460 2349 553 2423 σῶμα
578 2338 611 2414 ές
634 2335 745 2423 αἰθέρ’
767 2337 948 2425 ἐλεύθερον
972 2343 1090 2424 ἔλθῃς,
1120 2362 1145 2399 20

106 2496 108 2498 .
132 2445 244 2508 ἔσσεαι
267 2443 435 2522 ἀθάνατος
457 2447 537 2521 θεὸς
560 2447 740 2530 ἄμβροτος,
766 2443 876 2509 οὐκέτι
899 2448 1034 2528 θνητός.

86 2568 125 2632 τὸ
157 2563 218 2651 μὲν
247 2563 308 2632 οὖν
336 2569 373 2634 έν
400 2578 439 2654 τῆ
468 2569 623 2634 ἀνωτάτω
651 2567 739 2647 τάξει
767 2571 827 2634 τὸν
856 2571 993 2655 ἀριστον
1021 2579 1106 2635 νοῦν

88 2672 236 2757 ἡγεμόνα
277 2677 550 2759 προστήσασθαι,
591 2684 649 2758 τῆς
689 2684 797 2759 ψυχῆς
838 2675 1005 2760 ἀκραιφνῆ
1044 2679 1106 2761 τῆν

10 2799 72 2839 εκ.
88 2777 267 2863 ὁμοιότητα
304 2779 458 2868 διασῴζει
495 2783 578 2867 πρὸς
614 2783 692 2857 τοὺς
728 2782 847 2864 θεούς,
890 2784 937 2858 είς
972 2783 1015 2864 ἣν
1051 2781 1104 2847 καλ

162 2943 195 2990 19
207 2952 266 3004 τοο.
286 2935 376 2993 Oarm.
396 2937 461 2994 Aur.
482 2957 526 2993 vv.
542 2946 656 2994 69-71.

125 3146 131 3166 1
161 3084 177 3132 2
193 3078 257 3134 fort.
269 3078 318 3133 καλ
325 3074 389 3166 Ι<ῆ>
402 3081 411 3148 ΙΙ
428 3076 570 3164 1οεηῆοη
582 3083 609 3163 (η
622 3097 656 3134 ex
666 3082 786 3161 οοηῆολ
795 3075 881 3166 ὁποῖα
895 3082 904 3150 ΙΙ
920 3085 952 3135 18
964 3084 992 3134 eb
1001 3100 1027 3150 p.
1038 3086 1079 3150 16,
1090 3088 1105 3135 3

88 3150 1107 3291 κακοίκοιλλιθυετειεαιηηκηωηω

89 3263 322 3360 ολινοάεολιοοθοτ,
339 3265 468 3361 ἱεμτλιόίε
489 3265 567 3349 piat?
580 3263 731 3348 Ρθπεόοό.’
741 3311 767 3361 p.
784 3293 848 3348 660
866 3292 952 3362 (infra
971 3312 996 3374 p.
1014 3300 1074 3361 184,
1091 3299 1105 3345 1

88 3362 213 3432 Κλειοῖ).
240 3366 386 3433 praeterea
399 3365 519 3420 conferri
532 3364 612 3419 iubet
621 3364 797 3418 Valckenaer
812 3363 848 3417 οδ
862 3363 926 3418 Eur.
941 3364 1025 3433 H1pp.
1038 3370 1107 3418 1114

87 3451 117 3503 p.
131 3439 194 3490 283.
223 3439 254 3489 at
267 3435 303 3492 οί.
317 3433 459 3491 Phaedon.
473 3456 500 3506 p.
516 3438 580 3491 671
599 3435 683 3504 (infra
695 3453 723 3504 p.
736 3439 795 3506 186,
808 3440 840 3488 16
850 3434 980 3502 Kiessl.)?
994 3437 1004 3506 ῆ
1018 3441 1051 3490 λ3
1067 3435 1107 3490 di-

88 3504 210 3576 stinguit
226 3506 294 3576 post
310 3511 412 3577 ψυχῆς.
