2430 3848
143 161 208 226 112
445 172 447 175 ·
555 159 746 216 IAMBLICHI

141 324 265 408 οόρον
305 321 465 407 ἀπέχον·
505 324 683 408 χθονίων
718 323 791 408 γάρ
829 324 912 390 ἐστι
947 330 1062 391 θεῶν.
1121 328 1162 392 τὰ

141 425 202 514 μὲν
225 423 288 493 οὖν
311 428 395 494 ἀλλα
418 426 493 514 περὶ
516 429 620 494 αὐτοῦ
639 427 675 494 ἐν
693 437 739 519 τῷ
754 427 841 515 Περὶ
864 432 1043 516 συμβόλων
1066 430 1163 516 ἐροῦ·

141 558 218 619 μεν,
246 534 308 599 ὅσα
332 532 370 600 δὲ
395 536 443 613 εἰς
464 536 659 621 προτροπὴν
682 534 829 622 ἁρμόζει,
857 535 1078 622 παραγγέλλει
1103 547 1163 622 τῆς

142 641 301 724 οὐρανίας
327 644 464 727 πορείας
491 640 689 727 ἀντέχεσθαι
720 640 776 709 καῖ
806 652 877 719 τοῖς
908 653 1040 729 νοεροῖς
1066 650 1164 722 θεοῖς

115 749 387 832 οσννόπτεσθαι,
419 757 477 832 τής
502 771 538 814 τε
567 747 690 814 ένόλου
718 750 851 834 φύσεως
877 753 1078 835 χωρίζεσθαι
1105 747 1163 816 καὶ
1178 769 1205 812 ιο

141 855 363 939 περιάγεσθαι
385 856 468 940 πρὸς
490 855 552 939 τήν
576 856 682 921 ἀνλον
704 853 760 921 καλ
775 857 932 942 καθαρὰν
951 858 1046 941 ζωήν,
1069 862 1164 922 θεῶν

142 982 177 1026 τε
199 962 364 1048 θεραπείᾳ
386 967 532 1046 χρῆσθαι
554 970 595 1047 τῃ
614 961 731 1048 ἀρίστῃ
750 958 805 1027 καὶ
824 962 963 1046 μάλιστα
982 971 1052 1040 τοῖς
1072 985 1164 1046 πρω-

142 1068 267 1145 τίστοις
289 1074 383 1145 θεοῖς
405 1069 630 1154 προσηκούσῃ.

236 1179 347 1240 Ταῦτα
374 1171 435 1259 μὲν
464 1169 526 1240 οὖν
555 1175 602 1251 εἰς
629 1180 721 1241 θεῶν
749 1186 876 1258 γνῶσιν
897 1173 954 1241 καὶ
975 1178 1163 1261 θρησκείαν

104 1299 130 1338 1⁰
142 1290 286 1346 ποιεῖται
312 1282 374 1364 τήν
400 1281 625 1366 παράκλησιν,
653 1283 701 1358 εἰς
729 1279 767 1346 δὲ
795 1284 921 1367 σοφίαν
947 1285 1163 1349 τὰτοιαῦτα·

104 1389 127 1450 ς’
233 1387 420 1469 Γλώσσης
441 1387 515 1471 πρὸ
539 1397 616 1454 τῶν
636 1388 767 1455 ἀλλων
785 1390 920 1474 κράτει
937 1395 1050 1466 θεοῖς
1074 1376 1164 1456 ἑπό-

143 1515 271 1576 μενος.
316 1502 449 1577 πρῶτον
472 1493 535 1578 γάρ
560 1492 630 1558 ἐστι
652 1497 773 1580 σοφίας
792 1498 892 1580 ἔργον
915 1496 953 1560 τὸ
975 1495 1035 1560 τὸν
1059 1497 1164 1579 λόγον

144 1597 355 1684 ἐπιστρέφειν
383 1601 430 1676 εἰς
458 1597 578 1664 ἑαυτὸν
606 1596 661 1664 καὶ
690 1600 814 1680 ἐθίζειν
842 1603 886 1687 μή
911 1600 972 1680 ἔξω
997 1599 1163 1688 προϊέναι,

143 1708 345 1771 τελεοῦσθαί
373 1729 409 1770 τε
441 1702 519 1770 καθ’
551 1702 673 1772 ἑαυτὸν
703 1705 759 1772 καὶ
787 1707 823 1774 ἐν
855 1715 895 1793 τή
927 1708 1010 1795 πρὸς
1042 1706 1164 1774 ἑαυτὸν
1180 1729 1207 1767 14

105 1828 130 1869 1⁵
145 1811 328 1897 ἐπιστροφή
355 1809 412 1877 καὶ
434 1811 515 1896 μετὰ
540 1820 640 1878 τοῦτο
663 1811 701 1878 ἐν
724 1821 769 1901 τῷ
793 1823 863 1891 τοῖς
888 1819 984 1892 θεοῖς
1005 1811 1164 1880 ἔπεσθαι·

145 1915 246 1984 οὐδὲν
273 1919 338 2004 γὰρ
366 1919 446 1982 ἀλλο
476 1917 563 1982 οὕτω
591 1922 715 1984 τελειοῖ
738 1920 799 1985 τὸν
825 1928 910 1985 νοῦν
938 1919 959 2004 ή
987 1920 1068 1985 ὅταν
1094 1920 1164 1986 ἐπι-

147 2026 373 2108 στρεφόμενος
396 2025 444 2100 είς
466 2020 587 2088 ἑαυτὸν
608 2032 679 2101 τοῖς
701 2032 795 2102 θεοῖς
818 2030 1064 2111 σονακολοοθή.

111 2133 132 2202 ζ
240 2131 286 2195 Τὸ
320 2126 357 2194 δὲ
394 2127 550 2213 ἀνέμων
585 2131 786 2196 πνεόντων
822 2132 893 2214 τὴν
929 2131 1006 2216 ήχὼ
1042 2149 1165 2216 προσ-

145 2237 261 2301 κόνει
297 2232 352 2301 καὶ
389 2235 469 2301 αὐτὸ
502 2243 559 2319 τῆς
590 2239 688 2314 θείας
722 2239 844 2321 σοφίας
876 2235 946 2303 ἐστὶ
976 2238 1166 2324 γνώρισμα·

107 2360 133 2401 εο
148 2343 326 2408 αἰνίττεται
353 2343 417 2429 γὰρ
445 2342 490 2420 ὡς
518 2343 572 2408 δεῖ
596 2354 663 2409 τῶν
692 2345 797 2411 θείων
826 2344 952 2410 οὐσιῶν
977 2342 1033 2410 καλ
1061 2346 1166 2410 θανά-

146 2473 235 2533 μεων
258 2451 319 2533 τήν
343 2449 521 2534 ὁμοιότητα
545 2449 690 2534 ἀγαπᾶν,
718 2448 774 2515 καὶ
797 2451 878 2516 ὅταν
901 2450 1074 2537 ἐνεργῶσι,
1103 2453 1165 2518 τὸν
1180 2469 1207 2512 οε

147 2556 332 2640 σύμφωνον
358 2557 442 2638 πρὸς
469 2557 527 2632 τὰς
550 2555 716 2641 ἐνεργείας
743 2555 853 2622 αὐτῶν
880 2559 983 2641 λόγον
1005 2558 1085 2642 μετὰ
1109 2581 1166 2642 με·

147 2662 249 2745 γάλης
272 2662 421 2743 σπονθής
443 2669 542 2745 τιμᾶν
564 2684 599 2726 τε
622 2660 676 2726 καὶ
701 2660 820 2745 σέβειν.

106 2772 132 2843 η’
241 2769 286 2833 To
320 2763 357 2832 δὲ
388 2769 558 2852 μαχαίρῃ
591 2776 667 2852 πῦρ
699 2768 747 2852 μή
776 2769 941 2834 σκάλενε
969 2771 1166 2854 φρονήσεώς

108 2892 133 2932 2⁵
149 2875 217 2941 ἐστι
242 2875 502 2957 παρακλητικόν·
528 2873 647 2959 ἐγείρει
670 2876 733 2959 γὰρ
756 2873 836 2959 ἡμῖν
859 2877 921 2959 την
944 2878 1079 2941 ἔννοιαν
1103 2877 1165 2959 την

146 2983 383 3064 προσήκουσαν
402 2976 478 3065 περὶ
496 2987 557 3045 τοῦ
576 2981 620 3064 μή
636 2982 708 3046 θεῖν
729 2984 835 3066 πυρὸς
849 2983 967 3067 πλήρει
980 2979 1036 3047 καὶ
1049 2987 1165 3066 θυμοῦ

147 3077 316 3175 ἀνθρώπω
353 3088 434 3171 μήτε
467 3084 672 3151 ἀντιτιθέναι
709 3088 811 3170 λόγον
842 3087 1051 3172 τεθηγμένον
1083 3090 1167 3172 μήτε

148 3192 276 3276 ἐρίζειν.
321 3192 479 3266 πολλάκις
501 3192 564 3273 γὰρ
592 3194 738 3276 κινήσεις
764 3200 811 3281 τῷ
839 3196 927 3280 λόγῳ
957 3194 1017 3259 τὸν
1050 3193 1165 3277 ἀμαθῆ

146 3297 202 3364 καὶ
229 3296 379 3382 παράξεις
405 3293 461 3361 καὶ
483 3297 580 3381 πείσῃ
610 3298 703 3362 θεινά
728 3295 784 3363 καὶ
807 3297 903 3383 ἀηδή.
948 3299 1073 3384 μάρτος
1096 3308 1167 3376 τοῖς

149 3445 254 3451 --
258 3441 362 3449 .--.---

219 3529 257 3577 20
276 3524 327 3580 καλ
347 3521 519 3598 δ’ννιίμεων]
542 3521 617 3581 κατὰ
637 3520 760 3595 δύναμιν
776 3525 914 3582 Mamm
