2430 3848
365 163 639 219 PROTREPTICUS
658 164 845 233 (c.IV.V).›
1054 167 1097 230 25

82 325 122 389 τά
141 320 178 388 δέ
197 323 272 409 περὶ
291 327 412 408 ψυχην,
437 325 481 402 ῶς
498 327 536 390 τὸ
557 327 717 411 σώφρονά
736 349 771 391 τε
791 321 877 392 εἶναι
895 325 951 393 καὶ
965 330 1099 394 δίκαιον

82 429 137 495 καὶ
160 430 333 517 άνδρεῖου,
361 429 416 495 καὶ
440 432 668 517 διαφερόντως
690 435 727 498 τὸ
752 436 863 518 σοφὸν
887 429 985 499 εἶναι·
1017 431 1093 519 μεθ’

83 531 131 602 ὧν
159 537 201 601 οὐ
229 540 348 625 μικρὸν
376 536 528 623 διαφέρει
555 541 592 603 τὸ
621 541 924 625 συνεπιλαμβάνειν
953 539 1008 607 καὶ
1034 544 1096 626 την

83 643 238 727 εὐτυχίαν
264 654 335 721 ταῖς
358 643 478 730 ὀρθαῖς
500 644 673 730 πράξεσιν,
702 648 775 730 ἤτοι
797 646 863 711 ὑπὸ
891 657 949 730 τῆς
977 651 1097 731 σοφίας

83 748 343 835 ἐπιφερομένην,
373 747 472 833 ἣκαὶ
495 745 573 815 καθ’
601 751 707 834 αὐτὴν
735 754 880 836 ἔχουσαν
910 754 1000 817 ίδίαν
1023 754 1127 817 τινδε

10 879 31 918 ιε
39 876 68 917 A.
84 857 237 942 δύναμιν.
280 850 351 921 ἀλλ’
374 856 436 921 οὐκ
459 855 563 934 εὐθὺς
586 857 851 943 εὐδαιμονοῦμεν
876 859 931 923 διδ
954 861 993 924 τά
1016 882 1098 945 παρ-

84 966 163 1028 όντα
187 962 309 1047 ἀγαθά,
334 965 365 1028 εί
387 959 492 1047 μηδὲν
511 962 597 1047 ἡμᾶς
621 963 758 1047 ὠφελοῦ
783 965 908 1050 ὠφελεῖ
930 963 967 1031 δὲ
986 965 1096 1049 οὐδέν,

85 1071 115 1134 εί
136 1075 186 1152 εἴη
211 1072 317 1154 μόνον
340 1069 430 1153 ἡμῖν,
454 1071 612 1158 χρῴμεθα
638 1066 676 1134 δὲ
699 1069 812 1147 αὐτοῖς
835 1074 888 1155 μή.
935 1069 1015 1137 οὐδὲ
1034 1073 1097 1157 γὰρ

84 1177 164 1240 ἄλλο
193 1173 295 1241 οὐδέν
322 1177 430 1260 παρὸν
459 1176 514 1239 διδ
543 1176 605 1258 την
634 1185 750 1258 κτῆσιν
781 1176 906 1260 ὠφελεῖ
929 1179 1011 1242 άνευ
1038 1188 1098 1242 τοῦ

41 1370 44 1374 ’
84 1289 230 1368 χρῆσθαι
263 1281 367 1368 αὐτῷ,
402 1276 474 1346 οὐδ’
505 1289 539 1347 εί
561 1305 611 1359 τις
639 1277 701 1348 οὐν
728 1287 874 1348 πλοῦτον
901 1282 956 1348 καλ
985 1283 1005 1348 δ
1033 1293 1097 1349 νῦν
1113 1302 1141 1340 10

85 1389 126 1472 δη
150 1387 308 1473 ἐλέγομεν
335 1388 447 1471 άγαθδι
475 1387 673 1473 κεκτημένος
696 1395 762 1473 είη,
791 1392 899 1478 χρῷτο
925 1386 962 1455 δέ
985 1391 1098 1468 αὐτοῖς

85 1499 144 1579 μη,
173 1495 235 1559 οὐκ
262 1493 305 1559 δν
328 1494 525 1581 εὐδαιμονοῖ
550 1497 605 1560 διὰ
627 1497 689 1579 τὴν
710 1498 839 1562 τούτων
862 1508 930 1562 τῶν
958 1497 1097 1580 ἀγαθῶν

84 1610 209 1685 κτῆσιν.
256 1603 310 1665 δεῖ
343 1602 407 1688 ἄρα
444 1603 487 1686 μὴ
525 1604 631 1685 μόνον
667 1609 847 1685 κεκτῆσθαι
886 1606 926 1667 τδι
961 1613 1097 1669 τοιαῦτα

85 1707 197 1791 άγαθδι
233 1708 292 1772 τὸν
325 1706 486 1792 μέλλοντα
524 1707 706 1791 εὐδαίμονα
739 1710 891 1790 ἔσεσθαι,
929 1708 1012 1773 άλλδ
1043 1707 1097 1774 καὶ

84 1821 232 1900 χρῆσθαι
255 1812 377 1898 αὐτοῖς,
401 1813 422 1896 ἢ
442 1810 544 1879 οὐδὲν
563 1815 685 1898 ὀφελος
702 1823 760 1897 τῆς
777 1815 922 1897 κτησεως
940 1816 1096 1896 γίγνεται.
1112 1833 1141 1872 15

86 1918 158 1986 ἀλλ’
186 1916 266 1985 οὐδὲ
288 1921 325 1985 τὸ
348 1927 494 2005 χρῆσθαι
517 1922 624 2004 μόνον
648 1919 791 2006 ἐξαρκεῖ,
816 1920 898 1985 ἀλλὰ
923 1921 977 1984 δεῖ
996 1937 1098 2006 προσ-

10 2047 72 2087 ⁶⁸1³.
88 2039 175 2100 εῖναι
196 2029 234 2092 τὸ
263 2026 375 2114 ὀρθῶς
401 2033 555 2112 χρῆσθαι.
601 2026 702 2093 πλέον
730 2029 794 2113 γάρ
821 2028 968 2113 θάτερόν
996 2027 1097 2111 ἐστιν,

86 2132 145 2198 έάν
168 2157 217 2209 τις
239 2142 356 2219 χρῆται
379 2134 422 2218 μὴ
447 2132 559 2218 ὀρθῶς
582 2132 711 2219 ὁτῳοῦν
728 2133 904 2220 πράγματι,
928 2132 949 2216 ἣ
969 2132 1027 2198 ἐὰν
1046 2133 1098 2221 ἐᾷ·

85 2241 123 2304 τὸ
152 2237 213 2322 μέν
240 2240 303 2325 γὰρ
330 2242 449 2322 κακόν,
481 2241 518 2304 τὸ
552 2235 589 2304 δέ
617 2240 693 2304 οὐτε
720 2241 823 2305 κακὸν
854 2239 930 2304 οὐτε
958 2239 1097 2322 άγαθόν.

86 2345 170 2410 άλλδι
197 2346 263 2430 μην
291 2348 328 2411 έν
355 2369 392 2430 γε
424 2354 464 2431 τῇ
491 2349 607 2431 χρήσει
629 2369 663 2410 τε
691 2343 745 2409 καὶ
778 2345 915 2431 ἐργασία
943 2346 1030 2429 πάση
1058 2354 1097 2430 τῇ
1112 2364 1141 2403 ιο

85 2449 161 2537 περὶ
185 2450 300 2516 ὁτιοῦν
322 2453 359 2515 τὸ
383 2451 648 2537 ἀπεργαζόμενον
665 2452 703 2515 τὸ
727 2451 839 2534 ὀρθῶς
861 2456 1007 2534 χρῆσθαι
1030 2450 1097 2516 ἐπι-
1157 2451 1159 2458 ’

86 2560 193 2641 στημη
207 2556 395 2643 παρέχεται·
418 2555 474 2623 καὶ
492 2549 567 2644 περὶ
585 2560 647 2641 τὴν
665 2560 778 2643 χρείαν
799 2551 861 2621 οὐν
877 2547 924 2621 ὧν
942 2554 1097 2641 ἐλέγομεν

84 2665 122 2729 τὸ
146 2676 280 2750 πρῶτον
301 2675 369 2730 τῶν
392 2664 547 2748 ἀγαθῶν,
574 2665 722 2729 πλούτου
749 2687 784 2729 τε
811 2661 866 2728 καὶ
894 2663 1098 2748 ὑγιείαςκαὶ

84 2771 242 2853 κάλλους,
270 2771 307 2834 τὸ
331 2771 443 2856 ὀρθῶς
466 2779 546 2836 πᾶσι
573 2777 719 2857 χρῆσθαι
746 2781 816 2846 τοῖς
843 2772 1007 2846 τοιούτοις
1030 2770 1098 2835 ἐπι-

85 2880 192 2962 στήμη
215 2875 384 2962 ἡγουμένη
407 2875 462 2942 καὶ
484 2877 698 2962 κατορθοῦσά
717 2877 786 2941 ἐστι
807 2876 868 2958 την
891 2874 1019 2961 πρᾶξιν.
1057 2875 1097 2940 οὐ
1112 2893 1140 2933 2⁵

64 2981 192 3067 ’μόνον
215 2978 279 3048 οὐν
301 2983 472 3069 εὐτυχίαν,
501 2983 584 3049 ὐλλδι
606 2982 661 3048 καὶ
685 2984 868 3068 εὐπραγίαν
891 2980 911 3064 ἡ
937 2980 1097 3067 ἐπιστήμη

10 3108 69 3148 ιιι.
83 3088 220 3175 παρέχει
242 3101 312 3167 τοῖς
331 3089 524 3176 ἀνθρώποις
547 3089 583 3155 ἐν
606 3090 694 3175 πάση
712 3092 825 3173 κτησει
845 3087 953 3153 τεκαὶ
971 3089 1097 3174 πράξει,

82 3195 139 3262 καὶ
163 3192 265 3262 οὐδέν
289 3198 410 3281 ὀφελος
436 3208 503 3262 τῶν
531 3198 642 3261 ἄλλων
665 3197 839 3280 κτημάτων
868 3195 948 3259 άνευ
972 3196 1098 3278 φρονη-

83 3304 168 3380 σειύς
191 3326 226 3368 τε
249 3300 305 3368 καὶ
329 3305 459 3387 σοφίας.
504 3306 540 3367 τί
559 3303 622 3386 γάρ
647 3303 768 3386 ὀφελος
790 3306 969 3384 κεκτῆσθαι
992 3301 1098 3364 πολλὰ

156 3537 173 3586 3
187 3529 465 3604 συμπεριλαμβάνειν
475 3529 575 3585 Vitelli
589 3530 598 3598 λλ
612 3534 628 3583 8
643 3523 777 3598 χρώμεθα
791 3529 801 3597 Ι]
815 3533 831 3582 9
846 3507 937 3598 ὐφέῚΙ
952 3533 983 3581 11
1000 3527 1100 3598 χρῶτα.
