2430 3848
116 174 161 237 42
527 172 718 227 IAMBLIOHI

117 337 282 422 πράττειν.
327 336 398 419 ἥτις
433 331 513 401 ποτέ
551 329 614 400 οὑν
651 334 742 400 ἐστιν
779 334 879 418 ἀρετὴ
914 335 1036 415 τούτου
1072 344 1136 400 τοῦ

117 443 254 527 μέρους,
285 442 467 526 ἀναγκαῖον
496 436 582 507 εἶναι
608 441 743 507 πάντων
771 441 995 527 αἱρετωτάτην
1023 440 1136 519 ἁπλῶς

117 574 152 615 τε
175 559 256 614 πᾶσι
276 547 333 615 καὶ
355 549 448 634 ἡμῖν·
475 545 531 614 καὶ
554 550 618 632 γάρ
642 547 684 613 ἀν
706 557 821 631 τοῦτο,
846 543 948 633 οἶμαι,
971 549 1049 631 θείη
1072 571 1135 631 τις,

118 656 163 734 ὡς
180 658 254 740 ἤτοι
273 659 379 741 μόνον
397 655 418 738 ἣ
438 656 579 740 μάλιστα
597 654 690 739 ἡμεῖς
713 655 813 740 ἔσμεν
831 655 868 720 τὸ
888 657 1008 741 μόριον
1025 663 1134 720 τοῦτο.

87 767 166 828 σέτι
197 767 316 829 τοίνυν
344 763 424 827 ὅταν
453 761 471 827 δ
504 760 653 847 πέφυκεν
681 765 781 845 ἔργον
810 760 950 827 ἑκάστου
980 762 1024 846 μὴ
1053 763 1135 826 κατά

120 871 329 954 συμβεβηκὸς
352 868 435 934 ἀλλά
457 863 538 934 καθ’
563 867 644 933 αὑτὸ
668 871 850 952 λεγόμενον
873 868 1031 933 κάλλιστα
1054 867 1135 933 ἀπο-

116 982 205 1062 τελῇ,
228 979 303 1041 τότε
324 973 497 1041 καὶτοῦτο
522 975 654 1058 ἀγαθὸν
678 969 764 1039 εἶναι
782 973 927 1056 λεκτέον,
950 975 1076 1058 ταύτην
1098 997 1134 1039 τε
1149 997 1172 1035 11

117 1083 238 1170 ἀρετὴν
274 1081 394 1148 θετέον
430 1082 654 1168 κυριωτάτην,
691 1078 770 1146 καθ’
803 1081 847 1164 ἣν
878 1080 1018 1146 ἕκαστον
1051 1080 1134 1145 αὐτὸ

116 1199 216 1255 τοῦτο
240 1189 389 1275 πέφυκεν
412 1188 665 1274 ἀπεργάζεσθαι.
711 1197 771 1253 τοῦ
794 1184 856 1272 μὲν
879 1183 941 1253 οὑν
965 1186 1136 1253 συνθέτου

76 1320 104 1359 ιο
118 1294 173 1361 καὶ
205 1303 363 1381 μεριστοῦ
394 1296 530 1368 πλείους
560 1289 616 1356 καὶ
649 1292 812 1377 διάφοροί
841 1294 927 1357 είσιν
959 1292 1135 1376 ἐνέργειαι,

115 1410 176 1466 τοῦ
202 1398 238 1466 δὲ
261 1401 323 1484 τὴν
346 1401 451 1483 φύσιν
479 1397 587 1464 άπλοῦ
614 1395 669 1463 καὶ
702 1399 746 1483 μη
769 1400 853 1484 πρὸς
874 1398 907 1464 τὶ
929 1401 992 1484 τὴν
1016 1401 1136 1466 οὐσίαν

116 1510 251 1592 ἔχοντος
278 1509 358 1592 μίαν
382 1506 564 1589 ἀναγκαῖον
594 1500 680 1570 εἶναι
706 1506 769 1589 τὴν
795 1503 875 1570 καθ’
903 1505 984 1571 αὑτὸ
1013 1510 1137 1589 κυρίως

117 1614 247 1699 ἀρετην.
274 1616 316 1700 ,εί
332 1609 394 1698 μὲν
418 1607 481 1678 οὑν
501 1611 630 1678 διπλοῦν
647 1635 680 1677 τι
701 1614 784 1699 ζῷόν
804 1610 895 1677 ἔστιν
917 1611 934 1676 ὁ
956 1613 1138 1697 ἀνθρωπος

118 1720 173 1787 καὶ
196 1723 279 1786 κατά
301 1722 405 1804 λόγον
429 1716 484 1785 καὶ
503 1728 589 1784 νοῦν
607 1717 758 1784 τέτακται
777 1718 883 1783 αὑτοῦ
901 1718 922 1802 ἡ
941 1718 1051 1803 οὐσία,
1075 1719 1138 1784 οὐκ

73 1847 101 1888 τε
117 1830 197 1894 ἀλλο
225 1827 317 1894 ἐστὶν
341 1828 452 1892 αὐτοῦ
473 1828 573 1910 ἔργον
600 1825 620 1909 ἢ
645 1827 730 1910 μόνη
758 1823 779 1908 ἡ
808 1824 1024 1910 ἀκριβεστάτη
1054 1825 1133 1909 ἀλή-

115 1942 193 2001 θεια
220 1933 276 2001 καὶ
303 1937 340 2000 τὸ
368 1931 443 2018 περὶ
471 1944 539 1997 τῶν
567 1933 674 1997 ὄντων
698 1931 893 2015 ἀληθεύειν·
923 1934 955 1997 εί
982 1927 1012 1997 δ’
1039 1931 1131 1997 ἐστὶν

115 2042 151 2108 έκ
178 2043 342 2106 πλειόνων
370 2040 547 2124 δυνάμεων
574 2041 804 2124 σνμπεφνκός,
834 2041 938 2123 δῆλόν
965 2039 1057 2104 ἔστιν
1086 2039 1132 2116 ὡς

115 2147 173 2233 ἀφ’
201 2143 242 2213 οὑ
271 2149 372 2212 πλείω
400 2144 549 2231 πέφυκεν
577 2145 827 2229 ἀποτελεῖσθαι,
855 2142 906 2210 ἀεὶ
933 2146 1063 2211 τούτων
1090 2145 1131 2210 τὸ

115 2256 288 2337 βέλτιστον
307 2256 407 2340 ἔργον
426 2251 528 2335 ἐστίν,
553 2245 627 2318 οἷον
647 2254 798 2335 ἰατρικοῦ
821 2251 917 2335 ὑγεία
940 2251 996 2316 καὶ
1019 2255 1125 2335 κνβερ
1149 2271 1172 2311 ιε

70 2381 101 2421 νο
115 2364 218 2446 νητου
238 2362 393 2448 σωτηρία.
434 2358 566 2444 βέλτιον
586 2355 622 2424 δὲ
642 2356 743 2424 οὐδέν
762 2360 880 2443 ἔχομεν
899 2357 1008 2442 λέγειν
1027 2361 1129 2441 ἔργον

115 2477 173 2551 τῆς
201 2469 354 2544 διανοίας
382 2467 403 2551 ἢ
431 2476 492 2532 τοῦ
524 2465 771 2550 διανοουμένου
803 2473 862 2548 της
893 2473 1001 2551 ψυχῆς
1029 2463 1126 2549 ὑμῶν

115 2575 283 2657 ἀληθείας.
320 2573 461 2656 ἀλήθεια
480 2574 544 2654 ἀρα
567 2574 604 2637 τὸ
628 2573 833 2656 κυριώτατον
857 2574 957 2656 ἔργον
981 2570 1050 2637 έστλ
1068 2581 1131 2638 τοῦ

115 2682 236 2763 μορίου
268 2680 390 2744 τούτου
423 2688 480 2762 τῆς
512 2689 628 2763 ψυχῆς.
673 2686 772 2743 τοῦτο
803 2674 839 2743 δὲ
867 2680 932 2765 δρᾷ
959 2672 1030 2744 κατ’
1063 2678 1133 2744 ἔπι·
1148 2697 1172 2738 ιε

117 2788 245 2872 στημην
264 2786 385 2869 ἁπλῶς,
407 2790 535 2870 μᾶλλον
554 2781 591 2850 δέ
609 2786 692 2849 κατά
710 2785 772 2868 τὴν
791 2790 917 2870 μᾶλλον
937 2785 1133 2869 ἐπιστήμην,

71 2912 103 2953 ετ
119 2895 222 2979 ταύτῃ
247 2891 278 2958 δ’
301 2891 370 2959 έστλ
393 2895 521 2978 θεωρία
543 2893 580 2958 τὸ
604 2893 810 2977 κυριώτατον
829 2889 932 2969 τέλος.
969 2892 1133 2977 ὅτανγὰρ

120 3002 218 3064 δυοῖν
242 3001 356 3065 ῦντοιν
378 2999 525 3084 θάτερον
548 3000 604 3064 διά
627 2999 774 3083 θάτερον
793 3000 926 3084 αίρετὸν
943 2989 976 3085 ᾗ,
1000 2996 1134 3081 βέλτιόν

119 3105 188 3171 ἐστι
214 3115 314 3172 τοῦτο
341 3105 397 3171 καὶ
424 3111 551 3191 μάλλον
574 3106 708 3191 αίρετὸν
732 3100 776 3170 δι’
802 3106 883 3188 ὅπερ
906 3105 1039 3188 αίρετόν
1063 3104 1133 3170 ἐστι

116 3212 170 3278 καλ
198 3213 360 3297 θάτερον,
394 3204 467 3278 οἷον
493 3211 600 3296 ἡδονὴ
629 3209 690 3297 μὲν
716 3223 785 3277 τῶν
814 3210 938 3295 ἡδέων,
970 3210 1067 3294 ὑγεία
1096 3207 1134 3276 δέ

115 3330 183 3386 τῶν
215 3320 385 3403 ὑγιεινῶν·
417 3328 521 3384 ταῦτα
550 3320 615 3406 γάρ
646 3319 801 3402 ποιητικά
833 3316 963 3401 λέγεται
993 3318 1133 3383 τούτων.

200 3473 312 3532 6καθ’
330 3472 404 3532 αὑτδ
427 3477 541 3549 scripsit
559 3476 597 3531 K:
622 3471 686 3531 κατ’
708 3471 778 3530 αὑτὸ
797 3476 859 3547 1117
882 3474 1076 3546 σνμπεφνκάς
1098 3490 1135 3529 ex

86 3555 187 3610 θροεῖ.
212 3546 329 3603 &benai
344 3551 376 3604 K
382 3552 399 3621 ff
413 3557 448 3607 23
467 3548 574 3608 τοῦτον
595 3549 712 3623 scripsit
727 3549 769 3604 K:
786 3547 850 3602 τοὺ.
