2430 3848
71 191 111 247 lv
164 209 166 212 ⁴
472 186 689 245 PRAEFATIO.

73 355 186 431 ζοντες
212 355 280 416 κτλ.
313 348 540 438 (uifficillimis
569 350 900 434 contemplationibus
929 354 1089 436 occupati,

72 457 348 543 pulchritudinem
381 458 490 522 animo
522 455 702 521 intuentes’
736 454 823 540 eto),
856 460 1003 542 quamvis
1035 461 1088 523 vel

74 563 228 629 Arcesius
261 586 373 629 verum
405 562 548 628 vidisset.
593 562 629 626 P.
655 563 732 645 116,
758 564 798 628 13
832 562 870 627 de
903 565 1089 630 coniectura

73 669 190 735 scribit
217 669 261 752 μὴ
289 677 441 754 παρορᾶν
468 669 513 732 τᾶ
541 668 753 752 ἀπολλύμενα
781 665 836 733 καὶ
860 670 994 754 decoci„
1023 670 1088 734 ᾶτε

71 783 131 860 τῆς
158 784 219 841 τοῦ
246 776 374 865 κόσμον
398 778 482 856 κτᾶ,
510 773 664 838 nimirum
693 775 769 858 quia
791 796 859 839 non
881 776 1089 841 intellexerat

72 880 247 966 participia
280 902 319 945 cx
336 879 450 945 'verbo
482 888 633 966 παρορᾶν
667 877 701 967 (i.
729 880 905 968 περιορᾶν)
938 883 1088 965 pendere.

74 985 108 1050 P.
126 987 198 1069 122,
212 987 256 1051 20
280 985 403 1050 addidit
425 989 501 1070 post
519 989 717 1070 μεταλαβεῖν
736 987 885 1052 voculam
904 985 952 1070 ἐξ,
975 986 1086 1071 ‘quum

73 1091 312 1176 δοκιμάζεσθαι
334 1114 400 1157 non
424 1114 496 1157 cum
521 1092 659 1176 simplici
682 1092 827 1176 genitivo
851 1093 1087 1158 construatur’l

75 1196 197 1264 Contra
206 1183 344 1282 poulo
360 1198 446 1282 quod
460 1219 519 1282 pro
534 1199 674 1263 absurdo
689 1206 829 1282 ποιητοῦ
838 1199 1004 1264 verissime
1015 1221 1088 1264 oon·

73 1305 194 1369 iecerat
207 1302 386 1369 Vulcanius
407 1301 520 1390 (immo
537 1302 744 1390 Anonymua)
763 1314 946 1388 ποιητικοῦ,
965 1306 1088 1389 sprevit

73 1409 256 1493 Kiessling,
289 1408 380 1474 ‘nam
412 1411 450 1474 τὸ
482 1410 622 1493 ποιητὸν
654 1430 898 1493 nonnumquam
925 1410 1010 1475 idern
1038 1415 1089 1475 est

73 1515 160 1601 quod
182 1516 220 1580 τὸ
243 1514 442 1600 ποιητικόν’;
464 1537 568 1598 neque
591 1515 717 1580 felicius
740 1539 774 1600 p.
785 1516 836 1599 34,
847 1516 891 1580 24
909 1538 948 1580 ex
967 1516 1087 1580 vitiosa

58 1621 340 1706 ‘apographorum
364 1622 525 1706 scriptura
544 1621 581 1685 od
597 1617 627 1685 δ’
646 1622 744 1687 ἄλλοι
765 1622 823 1704 τὴν
843 1622 954 1686 elicuit
973 1621 1010 1685 αἱ
1024 1622 1088 1704 τὴν

73 1729 189 1812 ἄλλην,
212 1743 286 1794 cum
305 1729 425 1793 dudum
444 1750 513 1792 rem
528 1750 587 1793 acu
601 1729 767 1813 tetigisset
780 1727 934 1794 Vulcanii
948 1726 982 1810 (i.
998 1725 1085 1791 Ano-

72 1831 181 1920 nymi)
205 1835 390 1899 coniectura
413 1833 450 1899 al
470 1830 515 1906 δι’
539 1833 620 1898 tillo
640 1831 689 1917 (at
707 1833 790 1897 ἄλλα
809 1831 877 1896 cod.
897 1830 996 1918 Flos.)
1015 1833 1087 1915 τὴν.

73 1939 210 2006 Accedit
238 1940 323 2024 quod
351 1944 383 2004 et
410 1940 491 2024 ipsis
520 1938 672 2003 subsidiis
701 1959 784 2022 quae
812 1937 853 2001 ad
876 1959 1007 2001 manum
1030 1938 1086 2002 ha-

71 2047 174 2131 beret,
193 2045 405 2111 Arcerianam
424 2042 495 2110 dico
515 2044 688 2108 editionem
703 2047 736 2108 et
752 2041 920 2108 Oizcnsem
935 2043 1088 2127 codicem,

73 2151 154 2216 satis
174 2152 382 2236 neglegenter
400 2172 478 2216 usus
498 2147 594 2234 est¹);
616 2170 718 2234 neque
733 2148 951 2216 Parisiensem
965 2149 1086 2215 librum

73 2257 145 2342 ipse
169 2256 250 2321 vidit
271 2278 375 2342 neque
399 2254 557 2341 Scaligeri
581 2255 837 2335 emendationes3
862 2255 918 2320 scd
941 2277 1085 2339 perscru-

73 2367 166 2428 tatus
186 2366 237 2428 cst
255 2363 405 2428 editionis
419 2362 616 2427 Arcerianae
635 2362 817 2447 exemplum
836 2362 870 2426 in
888 2361 1088 2426 bibliotheca

73 2467 213 2534 Senatus
236 2467 414 2552 Lipsiensis
443 2471 659 2553 asservatum,
689 2469 778 2533 cuius
808 2467 1010 2553 marginibus
1034 2468 1084 2531 vir

75 2575 206 2660 quidam
230 2573 345 2639 doctus
369 2573 544 2657 adscripsit
567 2595 648 2658 quae
670 2596 709 2638 ex
728 2573 836 2640 codice
855 2573 1033 2638 Parisiensi
1052 2574 1087 2636 in

72 2679 282 2746 Berolinense
312 2680 462 2745 editionis
492 2679 688 2745 Aroerianae
716 2681 900 2764 exemplum
927 2679 1084 2744 Nicolaus

73 2785 239 2873 Rigaltius
267 2785 482 2850 transtulerat
508 2782 551 2871 (v.
574 2785 763 2870 Kiesslingii
785 2784 926 2850 Praefat.
949 2808 980 2867 p.
997 2784 1087 2869 XII).

71 2892 126 2957 Ita
148 2894 273 2958 factum
296 2895 347 2957 est
369 2894 406 2956 ut
429 2890 590 2955 interdum
610 2889 775 2976 Scaligero
795 2891 872 2956 libri
888 2889 1086 2954 Parisiensis

71 2999 207 3064 vitiosas
232 2997 409 3082 scripturas
433 2997 590 3062 tribueret
612 2995 677 3085 (ex.
699 3018 746 3082 gr.
770 2998 901 3080 p.121,
923 2997 963 3062 15
986 2995 1087 3083 ὑπέρ-

70 3127 172 3170 τατον
194 3125 254 3187 pro
277 3099 361 3188 ὑπὲρ
383 3101 544 3190 πάντων),
568 3102 726 3190 Scaligeri
749 3107 859 3168 autern
882 3102 1086 3167 coniecturas

144 3263 171 3331 1)
195 3261 245 3315 Ex.
269 3277 310 3329 gr.
329 3277 357 3329 p.
374 3264 451 3328 15,6
478 3262 556 3315 extat
578 3255 698 3330 ἡγεμόνι
719 3259 750 3314 in
775 3258 898 3314 editione
921 3258 1083 3327 Arceriana,

73 3350 182 3406 omittit
195 3348 380 3418 Kiesslingius
399 3349 485 3404 etiam
503 3349 532 3404 in
551 3347 782 3419 interpretatione
801 3348 898 3405 latina.
927 3346 968 3402 De
984 3345 1087 3402 Codice

72 3439 181 3495 Oiaensi
200 3438 234 3493 of.
252 3437 354 3493 Nauck
372 3456 399 3507 p.
414 3438 463 3492 XL
477 3455 537 3507 sqq.
563 3440 592 3493 et
614 3454 687 3506 quae
711 3435 772 3505 ipsc
794 3434 937 3505 disputavi
955 3435 985 3488 in
1005 3433 1087 3490 Com-

70 3526 189 3599 parettii
208 3527 283 3582 Mus.
302 3526 361 3580 ital.
381 3526 511 3581 d'outicb.
531 3527 609 3581 class.
628 3525 654 3578 II
672 3545 698 3595 p.
714 3529 775 3580 466.
