2430 3848
122 186 164 250 86
528 182 721 240 IAMBLICHI

209 347 330 413 XVIII.
358 349 468 433 Ταύτῃ
493 344 522 412 δ’
550 344 619 412 ἐστὶ
642 349 805 431 συγγενὴς
827 346 882 412 καὶ
905 349 987 431 άλλη
1012 349 1138 429 ἔφοδος
1153 366 1212 404 104

121 454 140 537 ἡ
163 449 234 518 κατ’
261 453 444 536 ἀναλογίαν
468 453 531 519 ἀπὸ
550 465 617 519 τῶν
641 454 678 519 έν
700 462 746 542 τῷ
771 455 898 538 σώματι
921 451 1139 537 φαινομένων

122 560 272 646 ἐναργῶν
295 559 348 626 ἐπὶ
370 562 410 626 τά
432 567 489 643 τῆς
513 569 621 645 ψυχῆς
646 563 891 645 μεταβαίνουσα
918 560 1001 625 κακά
1024 558 1139 625 τεκαὶ

121 666 249 751 ἀγαθά,
282 664 336 731 καὶ
363 677 430 731 τῶν
459 663 519 750 μὲν
546 676 657 732 κακῶν
690 668 875 751 χωρίζουσα
902 664 958 731 καὶ
986 667 1069 750 πρὸς
1095 668 1137 730 τά

94 774 241 859 εαίσχρά
273 771 494 856 ἀλλοτριοῦσα
526 772 588 855 τὴν
619 774 815 856 προαίρεσιν
846 770 957 855 ἡμῶν,
993 783 1061 837 τῶν
1100 769 1138 836 ἀὲ

121 879 261 961 ἀγαθῶν
293 877 599 962 ἀντιλαμβάνεσθαι
631 876 730 942 παντὶ
768 876 884 942 σθένει
915 883 1136 963 παρακελευο-

121 983 215 1069 μένη,
238 983 294 1049 καὶ
316 986 398 1069 πρὸς
420 985 461 1048 τά
479 986 563 1048 καλὰ
587 985 756 1049 οἰκειοῦσα
779 983 873 1068 ἡμῶν
896 985 959 1066 τὴν
982 984 1138 1049 διάνοιαν

122 1091 154 1168 ἐξ
183 1091 327 1168 ἅπαντος
353 1093 488 1176 τρόπου.
534 1083 607 1155 οἷον
638 1091 669 1154 εί
698 1090 738 1153 τὰ
767 1089 860 1172 πάθη
892 1099 953 1154 τοῦ
986 1091 1139 1173 σώματος

121 1199 247 1281 φευκτά
273 1195 328 1262 καὶ
361 1199 401 1262 τά
428 1199 613 1280 νοσήματα,
646 1198 732 1260 πολὺ
766 1197 874 1279 δήπου
906 1198 1070 1282 πρότερον
1097 1197 1138 1260 τά

81 1315 179 1388 τοτῆς
205 1313 326 1387 ψυχῆς,
357 1300 412 1366 καὶ
443 1302 474 1366 εί
499 1299 520 1383 ἡ
548 1303 648 1377 νόσος
676 1310 737 1365 τοῦ
765 1302 916 1385 σώματος
945 1301 986 1365 οὐ
1014 1303 1138 1384 βιωτὸν

31 1432 33 1439 ·
120 1410 200 1493 ἡμῖν
231 1411 290 1473 τὸν
316 1411 433 1491 βίοτον
461 1407 689 1493 ἀπεργάζεται,
721 1410 808 1472 πολὺ
837 1408 945 1490 δήπου
973 1409 1138 1492 πρότερον

121 1514 141 1596 ἡ
174 1514 285 1579 ἀδικία
315 1516 417 1590 νόσος
445 1509 529 1578 οὖσα
562 1522 619 1597 τῆς
651 1523 758 1598 ψυχῆς
786 1514 957 1598 ἀφόρητόν
986 1512 1056 1579 ἐστι
1088 1521 1135 1601 τῷ
1150 1531 1191 1571 εει
1206 1537 1215 1566 ι

121 1623 241 1704 έχοντι,
265 1618 319 1686 καὶ
343 1623 374 1685 εί
394 1621 432 1686 τὸ
456 1631 551 1704 σῶμα
569 1619 784 1705 ἀσυμμέτρως
808 1621 1017 1704 διακείμενον
1036 1619 1137 1684 ἀπόλ-

121 1732 220 1791 λυσιν
246 1726 340 1812 ἡμῶν
367 1727 429 1811 τὴν
457 1729 644 1809 τελειότητα
672 1735 730 1809 τῆς
757 1735 878 1809 ψυχῆς,
908 1726 988 1791 ὅταν
1016 1725 1136 1810 έκεῖνο,

81 1823 147 1919 1όῷ
177 1836 296 1917 ζῶμεν,
328 1838 524 1917 πλημμελῶς
556 1833 612 1917 έχχ
640 1829 694 1896 καὶ
728 1833 882 1916 στασιάζχ
911 1833 994 1917 πρὸς
1026 1830 1136 1916 ἑαυτό,

121 1939 183 2003 οὐκ
213 1942 341 2004 ἔνεστιν
368 1939 482 2023 ὀρθῶς
509 1939 692 2021 διαβιῶναι.
738 1940 899 2023 μετίωμεν
929 1939 969 2022 δὴ
998 1937 1055 2003 καὶ
1083 1937 1136 2005 ἐπὶ

120 2045 246 2130 θάτερα
276 2046 359 2110 κατὰ
388 2046 447 2109 τὸν
476 2044 579 2108 αὐτὸν
606 2046 740 2127 τρόπον.
786 2044 895 2128 ὥσπερ
923 2045 987 2128 γάρ
1014 2044 1137 2123 τάξεως

120 2148 175 2214 καὶ
207 2152 334 2234 κόσμον
361 2151 402 2215 τά
434 2147 575 2235 ἡμέτερα
607 2149 742 2233 σώματα
768 2150 911 2233 τυχόντα
939 2151 1065 2233 χρηστὰ
1093 2149 1137 2215 ἀν

121 2262 187 2338 εἴη,
217 2254 349 2334 ἀταξίας
372 2252 409 2321 δὲ
432 2256 602 2341 μοχθηρά,
634 2255 740 2332 οὕτως
766 2254 822 2320 καὶ
844 2255 865 2339 ἡ
889 2257 978 2339 ψυχὴ
1003 2255 1136 2334 ἀταξίας

82 2381 108 2422 ιο
122 2358 182 2447 μὲν
204 2370 351 2446 τυχοῦσα
374 2365 465 2427 ἔσται
488 2362 629 2447 πονηρά,
652 2362 776 2447 χρηστὴ
801 2357 838 2426 δέ
860 2360 881 2444 ἡ
904 2359 1025 2438 τάξεώς
1043 2385 1136 2439 τινος

121 2467 176 2534 καλ
194 2471 322 2553 κόσμου
340 2468 553 2552 ἐπιλαβοῦσα.
587 2466 639 2532 ἐπὶ
657 2465 718 2551 μὲν
738 2462 800 2532 οὖν
818 2475 864 2554 τῷ
884 2468 1011 2551 σώματι
1028 2468 1135 2552 όνομά

122 2575 191 2640 ἐστι
213 2583 259 2661 τῷ
283 2575 319 2638 ἐκ
345 2582 403 2656 τῆς
425 2573 546 2651 τάξεώς
568 2596 603 2638 τε
630 2571 685 2638 καὶ
711 2581 773 2637 τοῦ
795 2573 922 2656 κόσμου
945 2571 1133 2661 γιγνομένῳ
1149 2591 1209 2632 10⁵

121 2680 231 2764 ὑγεία,
261 2678 366 2763 ἰσχάς·
395 2676 447 2744 ἐπὶ
476 2675 513 2744 δέ
536 2673 579 2743 αὖ
603 2688 649 2768 τῷ
673 2678 710 2744 ἐν
732 2688 771 2763 τῇ
795 2687 885 2764 ψυχῇ
908 2677 1136 2767 ἐγγιγνομένω

122 2786 158 2852 έν
180 2796 238 2870 τῆς
264 2785 385 2865 τάξεως
410 2783 466 2850 καὶ
489 2794 549 2851 τοῦ
576 2788 704 2869 κόσμου
727 2787 869 2870 νόμιμόν
892 2807 927 2849 τε
955 2782 1011 2849 καὶ
1032 2786 1137 2869 νόμος

81 2912 107 2952 2⁵
123 2896 229 2978 ὄνομα
250 2904 363 2958 κεῖται.
401 2893 510 2976 ὥσπερ
529 2893 597 2977 γάρΙ
612 2889 665 2957 ἐπί
683 2901 755 2967 ταῖς
772 2899 834 2955 τοῦ
852 2891 1003 2975 σώματος
1025 2891 1137 2971 τάξεσι

121 3005 159 3064 τὸ
178 3000 328 3082 ὑγιεινὸν
347 2998 562 3083 ἀποδίδομεν,
582 2996 615 3075 ἐξ
635 2993 676 3062 οὗ
696 2996 732 3062 ἐν
752 2997 840 3084 αὐτῷ
860 2997 969 3081 ὑγίεια
987 2999 1137 3080 γίγνεται

121 3103 176 3171 καλ
209 3105 290 3187 άλλη
324 3103 422 3189 ἀρετὴ
456 3113 516 3168 τοῦ
549 3104 714 3187 σώματος,
752 3103 858 3180 οὕτως
890 3101 942 3168 ἐπὶ
975 3113 1046 3180 ταῖς
1078 3111 1137 3186 τῆς

213 3268 253 3315 17.
268 3279 294 3330 p.
311 3267 353 3327 87,
369 3265 403 3314 29
418 3259 491 3314 plat.
506 3259 589 3328 Gorg.
605 3279 633 3330 p.
649 3258 871 3326 504A-505133
890 3261 939 3315 sed
954 3265 996 3326 87,
1012 3265 1080 3327 3sq.
1095 3258 1139 3322 οἷς

122 3365 157 3374 -
176 3333 270 3400 ψυχῆς
288 3348 322 3386 ex
339 3330 482 3386 Phaedon.
497 3350 524 3401 p.
541 3332 608 3385 8ῦῦ
628 3333 724 3400 (supra
736 3350 763 3400 p.
780 3338 822 3396 67,
837 3333 891 3399 28).

207 3480 295 3542 13sq.
315 3469 498 3544 ἀσυμμέτροις
515 3474 544 3527 et
558 3468 712 3527 ἀπόλλυσιν
727 3471 826 3526 Cobet:
846 3471 1007 3543 συμμέτροις
1021 3475 1051 3528 ολ
1065 3468 1138 3527 ἀπό-

96 3544 206 3596 lavam
214 3547 281 3614 β26
300 3541 319 3615 ἡ
337 3542 438 3616 ὑγίεια
459 3565 494 3604 ex
512 3562 613 3619 apogr.
633 3543 691 3601 (λιν.
707 3543 804 3614 KII‘I'I
824 3543 876 3598 καὶ
892 3540 912 3612 ἡ
930 3540 1000 3611 ἄλλη
1013 3542 1048 3597 Ὠ.
