2430 3848
385 174 660 231 PROTREPTICUS
680 178 713 247 (ο.
728 177 786 248 VI).
1051 176 1094 242 39

30 359 59 401 A.
75 333 163 404 εἶναι
191 340 359 423 φρόνησιν
386 336 407 421 ή
434 347 502 403 τῶν
529 336 687 423 ὑστέρων.
734 338 775 402 ού
803 340 868 425 γὰρ
896 349 998 405 ταῦτα
1027 350 1095 406 τῶν

75 445 189 530 ἀκρων
217 440 292 509 οὐδ’
326 444 362 509 ἐκ
389 444 518 509 τούτων
547 444 588 509 τά
615 455 728 531 πρῶτα
760 444 923 530 πέφυκεν,
957 445 1028 512 ἀλλ’
1061 447 1094 527 ἐξ

75 551 214 616 ἐκείνων
237 548 292 615 καὶ
317 548 361 615 δι’
388 551 526 616 ἐκείνων
549 545 653 615 τάλλα
682 553 831 634 γίγνεται
857 550 913 616 καὶ
938 557 1094 618 συνίστα-

73 681 129 722 ται
153 668 316 743 φανερῶς.
357 663 423 722 είτε
440 659 504 742 γάρ
523 666 590 744 πῦρ
615 651 673 723 εἴτ’
695 658 758 744 ἀὴρ
780 665 844 724 εἴτε
868 659 1011 743 ἀριθμὸς
1029 667 1094 726 εῖτε

74 766 173 829 ἀλλαι
195 760 284 841 τινὲς
304 763 422 849 φύσεις
441 766 543 830 αίτίαι
561 763 616 830 καλ
633 777 761 852 πρῶται
779 776 847 830 τῶν
865 767 988 850 ἀλλων,
1012 766 1118 832 ἁδύ-6

75 893 179 936 νατον
207 881 275 935 τῶν
302 872 414 936 ἀλλων
440 894 473 939 τι
495 872 695 954 γιγνώσκειν
721 871 849 950 ἐκείνας
872 872 1115 958 ἀγνοοῦντας.

74 988 145 1054 πῶς
166 978 230 1060 γάρ
255 978 297 1042 ἀν
324 1000 374 1054 τις
401 976 421 1060 ἢ
450 979 552 1061 λόγον
574 981 732 1063 γνωρίζοι
760 981 927 1063 σνλλαβάς
950 979 1093 1063 ἀγνοῶν,

74 1082 96 1166 ἢ
120 1084 241 1160 ταύτας
263 1083 430 1149 ἐπίσταιτο
455 1080 561 1168 μηδὲν
584 1095 652 1149 τῶν
675 1087 848 1168 στοιχείων
871 1087 983 1163 είδύς;

127 1253 130 1261 ,
157 1188 227 1255 Ὅτι
255 1186 316 1274 μὲν
344 1185 407 1256 οὖν
435 1199 494 1274 τῆς
521 1189 681 1275 ἀληθείας
710 1188 764 1256 καλ
792 1199 851 1274 τῆς
878 1191 954 1276 περὶ
982 1194 1094 1277 ψυχήν

76 1297 195 1384 ἀρετῆς
217 1296 308 1362 ἐστιν
327 1297 487 1382 ἐπιστήμη
510 1295 565 1363 καὶ
589 1299 675 1363 διότι
695 1297 834 1364 δυνατοὶ
857 1302 972 1383 λαβεῖν
992 1299 1093 1376 αύτάς
1108 1316 1134 1355 10

76 1403 186 1488 ἐσμεν,
204 1413 306 1468 ταῦτα
320 1404 400 1487 ἡμῖν
416 1405 564 1489 είρήσθω
580 1402 655 1490 περὶ
670 1404 796 1469 αὐτῶν·
816 1405 866 1470 ὅτι
886 1402 923 1470 δὲ
937 1403 1094 1491 μέγιστόν

77 1509 148 1575 ἐστι
160 1520 228 1574 τῶν
243 1508 451 1592 ἀγαθῶνκαὶ
466 1510 600 1575 πάντων
616 1510 874 1595 ὠφελιμώτατον
888 1523 957 1577 τῶν
972 1513 1093 1594 ἀλλων,

76 1616 114 1681 ἐκ
135 1617 242 1681 τῶνδε
267 1618 379 1700 δῆλον.
415 1615 535 1690 πάντες
552 1615 616 1700 γὰρ
641 1615 871 1700 ὁμολογοῦμεν
890 1617 940 1681 ὅτι
964 1619 1017 1682 δεῖ
1032 1615 1094 1702 μὲν

75 1724 138 1788 τὸν
151 1724 417 1788 σπουδαιότατον
432 1723 546 1809 ἀρχειν
560 1721 616 1787 καὶ
635 1723 694 1786 τὸν
708 1723 770 1806 τήν
784 1722 890 1807 φύσιν
904 1723 1092 1806 κράτιστον,

76 1831 138 1895 τὸν
162 1827 199 1895 δὲ
222 1832 329 1913 νόμον
352 1830 496 1914 ἀρχοντα
519 1825 575 1893 καὶ
598 1829 717 1913 κύριον
741 1822 827 1892 εἶναι
850 1829 969 1910 μόνον·
994 1822 1092 1905 οὗτος
1108 1847 1133 1886 1⁵

35 1955 63 1996 x.
79 1933 118 2000 δὲ
141 1938 305 2021 φρόνησίς
327 1959 377 2011 τις
398 1933 455 2000 καλ
477 1937 576 2018 λόγος
599 1933 662 1999 ἀπὸ
686 1927 882 2019 φρονήσεώς
906 1933 1004 1998 ἐστιν.
1046 1936 1093 1999 ἔτι

77 2039 116 2107 δὲ
137 2045 188 2120 τίς
210 2043 291 2127 ἡμῖν
313 2043 426 2108 κανὼν
450 2041 469 2125 ἢ
492 2045 542 2119 τίς
565 2043 644 2129 ὅρος
666 2039 898 2127 ἀκριβέστερος
924 2051 991 2106 τῶν
1015 2040 1093 2126 ἀγα-

76 2156 152 2214 θῶν
176 2152 264 2235 πλὴν
288 2151 305 2216 ὁ
329 2152 509 2237 φρόνιμος;
534 2149 596 2213 ὅσα
619 2149 682 2234 γάρ
707 2147 749 2212 ἀν
768 2143 866 2224 οὗτος
884 2147 992 2213 ἕλοιτο
1011 2150 1094 2214 κατά

76 2256 138 2338 τήν
171 2255 355 2341 ἐπιστήμην
387 2257 601 2340 αἱρούμενος,
633 2251 726 2319 ταῦτ’
758 2251 849 2318 ἐστὶν
879 2253 1006 2336 ἀγαθά,
1039 2254 1094 2320 καὶ
1151 2267 1158 2278 '

76 2362 161 2427 κακά
185 2359 223 2427 δὲ
245 2362 285 2427 τδι
304 2362 440 2428 ἐναντία
458 2362 598 2436 τούτοις.
635 2357 705 2425 ἐπεὶ
724 2356 761 2424 δὲ
779 2361 900 2436 πάντες
918 2361 1092 2445 αἱροῦνται
1107 2379 1133 2418 2⁰

77 2469 219 2552 μάλιστα
242 2470 282 2534 τδι
300 2470 383 2534 κατὰ
401 2471 458 2546 τάς
477 2470 600 2543 οἰκείας
619 2465 702 2544 ἕξεις
724 2463 776 2551 (τὸ
795 2461 856 2550 μὲν
874 2467 938 2550 γάρ
958 2467 1094 2544 δικαίως

38 2592 64 2634 A.
78 2577 136 2658 ζῆν
151 2575 169 2639 ὁ
186 2577 323 2659 δίκαιος,
346 2576 384 2640 τὸ
404 2571 441 2640 δὲ
460 2575 542 2640 κατδι
559 2575 621 2658 τήν
639 2572 799 2658 ἀνδρείαν
819 2572 837 2637 δ
857 2574 918 2656 τὴν
933 2572 1093 2660 ἀνδρείαν

76 2683 173 2765 ἔχων,
197 2681 215 2747 ὁ
241 2677 278 2746 δὲ
301 2681 447 2767 σώφρων
470 2681 508 2745 τδ
527 2689 719 2765 σωφρονεῖν
743 2677 890 2765 ὁμοίως),
915 2681 1019 2762 δῆλον
1043 2681 1093 2746 ότι

75 2785 130 2851 καὶ
152 2789 191 2852 τὸ
211 2797 353 2873 φρονεῖν
373 2787 391 2852 ὁ
410 2789 575 2872 φρόνιμος
594 2786 764 2869 αἱρήσεται
782 2785 917 2849 πάντων
936 2785 1092 2868 μάλιστα·

74 2903 173 2959 τοῦτο
197 2896 261 2980 γὰρ
286 2897 386 2978 ἔργον
403 2895 525 2976 ταύτης
542 2901 600 2976 τῆς
619 2891 800 2975 δυνάμεως.
839 2890 921 2954 ὥστε
942 2893 1091 2974 φανερὸν
1106 2909 1131 2948 2⁵

75 3001 125 3065 ὅτι
153 3001 237 3066 κατὰ
260 3001 322 3084 τήν
350 3000 558 3085 κυριωτάτην
585 3002 698 3085 κρίσιν
725 2997 901 3083 κράτιστόν
930 2995 998 3062 ἐστι
1025 3008 1093 3063 τῶν

165 3271 182 3319 2
201 3260 294 3333 ἀρχῶν
314 3262 385 3319 coni.
400 3262 437 3318 K:
456 3263 522 3316 fort.
541 3260 659 3330 πρώτων
673 3261 712 3330 ΙΙΒ
732 3261 780 3314 καλ
799 3257 887 3315 τάλλα
905 3263 934 3314 et
950 3265 980 3313 11
997 3256 1041 3313 ότι
1059 3257 1091 3314 δὲ

74 3336 123 3390 καλ
140 3335 215 3390 liber
232 3335 279 3403 111,
298 3334 348 3388 ubi
367 3336 424 3389 τότε
442 3331 497 3402 γὰρ
516 3365 550 3374 -·
569 3331 635 3400 περὶ
653 3327 749 3386 αύτών
768 3334 866 3400 (4.11)
886 3347 940 3386 om.
959 3332 968 3400 Η
986 3337 1021 3385 20
1044 3326 1092 3384 τά·

73 3409 176 3462 ναντία
196 3406 307 3474 lib.111,
326 3406 375 3460 ubi
393 3404 443 3459 καὶ
463 3407 539 3474 (ante
559 3401 634 3459 κακά
666 3407 696 3458 ολ
713 3400 786 3456 κατὰ
805 3398 856 3469 τὴν
878 3396 1035 3480 ἐπιστήμη
1057 3399 1102 3476 πῶς

70 3475 213 3603 ηηύγηεῆος
231 3478 355 3547 δεεῑιολή
369 3483 401 3531 21
422 3474 456 3532 τά
472 3493 527 3535 om.
543 3476 594 3534 lib.
607 3473 637 3532 Il
661 3476 725 3548 ήθὸ
743 3476 815 3531 um
834 3472 947 3542 δμοίως
962 3467 1130 3530 mmm
