2430 3848
362 153 635 236 Ροοεειτενιοοε
655 158 689 237 (ε.
704 155 789 226 xm).
1040 157 1081 220 67

64 313 122 380 καὶ
154 314 429 400 ἀπογιγνομένων
455 315 511 382 καὶ
542 318 677 400 ἡδονῶν
706 317 761 383 καί
789 321 906 404 φόβων
933 317 989 383 καί
1015 329 1083 385 τῶν

64 423 180 486 ἀλλων
201 423 337 487 πάντων
364 433 431 487 τῶν
458 425 633 490 τοιούτων·
662 427 865 510 χωριζόμενα
893 421 930 489 δὲ
957 428 1082 510 φρονή-

65 543 151 605 σεως
176 525 233 593 καί
259 528 483 613 ἀλλαττόμενα
511 528 587 595 ἀντὶ
618 529 772 614 ἀλλήλων
800 534 1003 616 σκιαγραφία
1032 534 1081 610 τίς

64 632 158 699 ἐστιν
180 633 202 718 ἡ
225 636 361 719 τοιαύτη
385 635 483 721 ἀρετὴ
506 635 562 700 καὶ
589 645 635 725 τῷ
659 639 732 703 ὄντι
761 636 1024 723 ἀνδραποδώδης
1046 662 1081 704 τε

64 739 122 805 καί
145 737 247 807 οὐδὲν
269 739 361 825 ύγιδς
389 739 468 808 οὐδὲ
496 740 620 826 ἀληθὲς
647 747 729 829 ἔχει,
756 746 794 809 τὸ
823 740 860 809 δὲ
888 740 1012 827 ἀληθὲς
1034 753 1107 831 τῶι

66 849 140 912 ὄντι
164 846 233 914 ἐστὶ
255 849 421 934 κάθαρσίς
450 871 500 926 τις
528 860 596 915 τῶν
619 850 782 917 τοιούτων
804 851 954 935 πάντων,
981 847 1081 934 καίη

66 955 272 1040 σωφροσύνη
296 953 394 1039 καὶὴ
420 957 616 1041 δικαιοσύνη
636 955 692 1021 καί
714 957 734 1040 η
758 957 896 1043 ἀνδρεία
918 956 975 1022 καί
997 957 1080 1041 αὕτη

64 1060 86 1144 η
111 1063 274 1146 φρόνησις
297 1062 341 1146 μη
360 1065 533 1148 καθαρμός
550 1085 599 1138 τις
622 1054 652 1147 ᾗ.
693 1060 749 1127 καὶ
770 1064 1007 1129 κινδυνεύουσι
1025 1063 1081 1131 καί

65 1166 103 1232 οί
126 1168 185 1245 τάς
210 1169 341 1244 τελετὰς
368 1167 448 1252 ἡμῖν
477 1163 570 1233 οὗτοι
596 1171 859 1252 καταστήσαντες
887 1168 928 1232 οὐ
956 1175 1081 1252 φαῦλοι

66 1267 164 1356 εἶναι,
184 1273 267 1339 ἀλλά
280 1281 325 1360 τῷ
341 1275 413 1339 ὄντι
427 1250 528 1340 πάλάι
542 1275 749 1340 αἰνίττεσθαι
763 1275 813 1340 ὅτι
828 1274 864 1351 ὃς
878 1273 920 1340 ἀν
935 1274 1080 1359 ἀμύητος
1094 1294 1121 1334 10

64 1378 86 1462 ἢ
111 1377 282 1457 ἀτέλεστος
301 1381 347 1457 είς
361 1377 479 1446 ’Ἁιδον
498 1380 665 1466 ἀφίκηται,
690 1382 726 1446 έν
747 1383 902 1470 βορβόρῳ
925 1384 1079 1466 κείσεται,

65 1484 86 1550 ὁ
110 1480 148 1548 δὲ
169 1484 417 1570 κεκαθαρμένος
443 1485 557 1552 τεκαὶ
583 1486 813 1571 τετελεσμένος
836 1487 941 1554 ἐκεῖσε
964 1489 1080 1574 ἀφικό-

65 1613 167 1675 μενος
189 1594 268 1676 μετά
286 1600 377 1658 θεῶν
397 1594 531 1677 οἰκήσει.
573 1593 637 1659 είσλ
659 1595 722 1679 γάρ
747 1595 799 1677 δή,
822 1594 926 1680 φασὶν
950 1597 985 1662 οί
1004 1595 1080 1682 περὶ

64 1699 125 1775 τὰς
147 1700 290 1782 τελετάς,
316 1699 582 1785 ’ναρθηκοφόροι
605 1696 665 1784 μὲν
692 1701 822 1782 πολλοί,
845 1701 961 1785 βάκχοι
985 1699 1025 1766 δέ
1045 1725 1079 1766 τε

10 1827 51 1868 511.
65 1805 212 1890 παῦροί,
236 1800 330 1871 οὗτοι
354 1804 385 1871 δ’
407 1805 472 1872 είσλ
489 1809 572 1873 κατὰ
594 1806 655 1889 τὴν
674 1805 756 1891 έμην
775 1806 876 1886 δόξαν
901 1806 961 1871 οὐκ
984 1807 1079 1871 ἀλλοι
1094 1824 1119 1864 15

64 1909 147 1994 ἣοί
170 1914 481 1998 πεφιλοσοφηκότες.
528 1914 559 1979 εί
584 1914 701 1978 τοίνυν
724 1910 779 1976 καί
807 1912 927 1998 ἀρετὴν
950 1915 1079 1978 τελείαν

10 2041 50 2083 ιε,
64 2016 123 2082 καί
155 2018 323 2105 κάθαρσιν
353 2027 411 2103 τῆς
442 2029 549 2104 ψυχῆς
585 2020 768 2105 φιλοσοφία
805 2022 890 2104 μόνη
923 2017 1079 2105 παρέχειν

64 2122 204 2209 πέφυκε,
227 2128 331 2210 μόνης
354 2124 455 2209 αὐτῆς
477 2125 783 2211 ἀντιλαμβάνεσθαι
805 2126 908 2204 ἀξιον.
950 2128 997 2203 εἰς
1014 2128 1078 2212 γάρ

63 2238 158 2297 θεῶν
181 2229 277 2314 γένος
304 2233 348 2317 μὴ
376 2235 643 2318 φιλοσοφησαντι
669 2230 726 2297 καὶ
748 2238 916 2309 παντελῶς
938 2239 1077 2320 καθαρῷ

64 2336 199 2403 ἀπιόντι
227 2338 268 2404 ού
290 2337 388 2423 θέμις
416 2338 632 2423 ἀφικνεῖσθαι
661 2339 750 2425 ἀλλςο
773 2338 794 2421 ἢ
817 2347 863 2425 τῷ
886 2343 1076 2423 φιλομαθεῐ.
1093 2356 1120 2394 20

64 2444 150 2510 ἀλλά
168 2446 297 2511 τούτων
316 2446 412 2511 ἕνεκα
431 2446 467 2510 οί
487 2445 599 2528 ὀρθῶς
617 2446 798 2529 φιλόσοφοι
816 2442 993 2528 ἀπέχονται
1011 2455 1079 2510 τῶν

63 2552 148 2616 κατὰ
169 2553 208 2616 τὸ
232 2563 325 2635 σῶμα
349 2553 538 2637 έπιθνμιῶν
561 2550 699 2616 ἀπασῶν
721 2548 776 2614 καί
803 2559 1001 2636 καρτεροῦσι
1023 2549 1079 2616 καί

64 2658 106 2725 οὐ
130 2659 381 2751 παραδιδόασιν
399 2658 512 2734 αὐταῖς
536 2657 672 2740 αὑτούς,
697 2654 773 2741 οὐχὶ
796 2657 1021 2743 οίκοφθορίαν
1043 2681 1078 2724 τε

63 2764 120 2830 καί
142 2767 262 2830 πενίαν
280 2765 497 2849 φοβούμενοι,
521 2764 630 2849 ὥσπερ
651 2763 687 2828 οἱ
705 2761 824 2828 πολλοὶ
841 2761 897 2827 καὶ
920 2765 1078 2847 φιλοχρή-

63 2890 176 2956 ματοι·
214 2867 293 2936 οὐδὲ
330 2866 373 2937 αὖ
405 2871 539 2956 ἀτιμίαν
570 2893 604 2935 τε
636 2868 691 2934 καὶ
724 2868 861 2946 ἀδοξίαν
893 2872 1078 2955 μοχθηρίας
1092 2887 1118 2926 25

65 2980 223 3061 δεδιότες,
247 2977 356 3063 ὥσπερ
375 2979 411 3043 οί
426 2980 587 3063 φίλαρχοί
600 2999 635 3041 τε
648 2973 704 3040 καί
723 2974 759 3039 οί
769 2977 948 3060 φιλότιμοι,
968 2978 1078 3041 ἔπειτα

64 3085 243 3170 ἀπέχονται
261 3085 379 3150 αὐτῶν.
412 3084 579 3169 τοιγάρτοι
598 3082 729 3158 τούτοις
747 3078 808 3166 μὲν
823 3081 945 3146 ἀπασιν
957 3081 1085 3148 ἐκείνοι

65 3184 115 3269 οἷς
138 3216 170 3257 τι
189 3190 280 3277 μέλει
298 3200 356 3274 τῆς
379 3190 506 3257 ἕαντῶν
525 3198 641 3274 ψυχῆς,
666 3187 748 3253 ἀλλά
767 3188 810 3272 μὴ
830 3189 956 3273 σώματι
979 3189 1073 3254 πλάτ-

157 3373 197 3422 18.
217 3385 243 3436 μ
259 3372 332 3436 70,9
351 3366 423 3423 Plat.
442 3365 583 3422 Phaedon.
602 3383 628 3433 p.
645 3361 819 3417 823-8413.

63 3479 280 3490 ..-..-—-—--·

155 3534 191 3584 23
208 3524 311 3588 αύτούς
321 3529 335 3597 λ
348 3532 382 3583 28
401 3501 454 3598 άιό,
474 3525 553 3597 quod
573 3527 603 3583 eh
622 3523 744 3600 σώματα
762 3539 828 3581 em
844 3520 961 3636 μοικαὶ.
