2430 3848
70 181 107 235 vr
159 141 161 146 ’
468 180 684 238 saianans.

69 344 226 426 proposui
245 347 282 408 ut
298 343 531 408 Iamblicheum
550 348 718 409 centonem
739 344 952 422 emendarem,
970 365 1082 407 verum

72 453 108 513 ut
140 448 257 514 codicis
286 449 468 515 Florentini
501 451 678 534 scripturas
711 472 808 535 quam
840 450 1081 514 accuratissime

74 555 236 620 referrem.
282 553 433 621 Oodicem
465 556 567 640 igitur
599 557 645 620 ita
678 556 814 638 contuli,
847 559 883 621 ut
915 557 1003 620 nulla
1031 577 1082 619 me

71 661 222 745 effugisse
242 665 423 727 memoratu
443 661 541 746 digna
562 661 680 726 acriter
694 661 898 744 contendam,
923 664 955 724 et
970 683 1083 745 quam-

72 789 178 851 quam,
200 768 313 850 paucis
333 765 475 851 exceptis
493 767 585 851 locis,
603 767 748 851 priorum
768 767 946 831 editionum
966 767 1082 832 discre-

70 877 187 957 pantes
221 873 398 957 scripturas
431 873 466 937 in
493 873 704 939 adnotatione
731 895 799 938 non
826 875 1084 957 commemoravi,

71 979 168 1043 fidem
191 978 272 1042 mihi
290 979 341 1044 vel
360 979 482 1044 tacenti
501 979 615 1044 haberi
633 979 745 1065 velim3
769 978 854 1064 quod
873 980 914 1045 ab
934 980 1083 1044 omnibus

71 1107 122 1149 me
153 1085 248 1150 facile
278 1085 527 1168 impetraturum
560 1085 686 1151 confido
718 1085 774 1168 qui
803 1086 907 1150 sciant
937 1086 1082 1170 singulas

72 1191 224 1256 editionis
248 1212 339 1256 meae
362 1191 512 1275 plagulas
537 1213 609 1256 cum
629 1189 706 1258 cod.
727 1191 811 1257 Flor.
832 1192 872 1256 ab
891 1190 933 1258 H.
948 1190 1082 1256 Vitellio

72 1319 200 1362 rursum
229 1319 299 1362 osse
323 1297 479 1363 conlatae.
524 1297 723 1363 Litterarum
747 1297 937 1381 compendia
961 1297 1084 1380 aliquo·

71 1403 155 1466 tiens
174 1403 210 1466 in
228 1403 438 1468 adnotatione
455 1404 568 1469 critica
583 1403 845 1486 commemoravi,
863 1424 935 1467 cum
949 1407 1084 1488 propter

72 1509 242 1592 perplexas
271 1530 381 1574 eorum
409 1509 531 1574 formas
560 1506 639 1597 (quo
669 1509 708 1574 de
735 1508 908 1594 diligenter
931 1510 1085 1574 disseruit

72 1614 239 1681 Nauckius
257 1616 277 1679 l.
293 1637 317 1680 c.
336 1638 366 1699 p.
382 1615 539 1680 XXXVII
555 1612 638 1702 sqq.)
654 1614 730 1701 quid
747 1615 781 1679 in
796 1613 984 1680 Florentino
999 1615 1085 1699 lege·

72 1705 163 1786 retur
182 1721 217 1785 in
237 1722 372 1786 dubium
395 1723 503 1787 vocari
525 1727 650 1807 posset:
673 1722 707 1787 in
725 1747 747 1786 ν
766 1722 989 1807 ἐφελκυστικῷ
1009 1724 1084 1785 ante

72 1831 287 1893 consonantes
305 1828 466 1912 ponendo,
485 1828 519 1892 in
537 1827 633 1911 ὑγεία
649 1829 702 1894 vel
716 1827 825 1910 ὑγίεια
840 1827 1017 1910 scribendo,
1035 1825 1085 1891 τέ-

72 1937 147 2009 arog
169 1935 220 1998 vel
239 1931 372 2017 τέλειος,
395 1939 594 2000 τελεοῦσθαι
611 1934 664 1999 vel
682 1937 904 2015 τελειοῦσθαι,
928 1935 1084 2016 γίνεσθαι

72 2039 125 2103 vel
148 2040 336 2122 γίγνεσθαι,
360 2040 447 2106 οὕτω
470 2041 521 2105 vel
545 2039 650 2116 οὕτως
670 2039 741 2104 sim.
763 2039 922 2122 optimum
942 2040 1084 2105 codicem

73 2166 144 2209 sum
168 2149 304 2211 secutus.
341 2145 470 2231 Ubique
494 2167 569 2211 vero
593 2145 708 2228 scripsi
729 2147 823 2232 ζῷον,
849 2142 975 2231 σῴζειν,
1000 2142 1085 2230 θνῄ-

73 2268 176 2334 σκειν,
200 2249 397 2338 μιμνῄσκειν
418 2253 498 2337 sim,
516 2251 664 2335 quamvis
680 2253 774 2333 ζῶον,
799 2250 915 2329 σώζειν
934 2253 993 2315 etc.
1013 2273 1086 2315 con·

73 2362 197 2424 stanter
219 2359 374 2442 praebeat
397 2357 510 2444 codex,
534 2362 567 2423 et
589 2358 625 2422 in
647 2357 754 2423 verbis
779 2357 895 2435 σώζειν
921 2359 1084 2440 θνήσκειν

73 2466 271 2550 μιμνήσκειν
295 2489 307 2530 ι
329 2486 499 2549 perperam
522 2465 668 2529 additum
691 2467 785 2549 putet
809 2460 925 2546 Cobet,
949 2462 1084 2528 Miscell.

75 2568 154 2635 crit.
172 2594 204 2654 p.
221 2569 291 2635 XV.
329 2569 502 2635 Praeterea
520 2571 619 2635 tacite
638 2569 828 2653 plerumque
847 2569 970 2633 mutavi
987 2569 1086 2633 inter·

73 2678 282 2761 punctionem
301 2678 343 2760 et,
366 2697 440 2739 cum
459 2697 478 2738 a
496 2678 624 2758 recepto
643 2697 704 2738 usu
723 2674 951 2757 discreparent,
975 2696 1085 2739 accen-

74 2787 137 2849 tus.
165 2781 383 2848 Numerorum
396 2784 492 2846 notas
508 2780 710 2867 marginibus
724 2780 757 2844 in
774 2779 883 2844 codice
898 2778 1086 2863 adscriptas,

76 2993 107 3047 di
130 2991 231 3046 αιιιιῗιιι.
254 2989 362 3045 clasaI
383 3007 411 3059 p.
432 2996 465 3045 10
481 2990 565 3059 sqq),
593 2988 666 3043 unde
692 2988 781 3043 multo
808 2989 1000 3044 emendatiora
1022 3006 1086 3057 pro·

75 3096 179 3150 ponere
201 3079 313 3148 poterat
336 3077 515 3134 doctissimus
533 3077 765 3132 Aristoteleorum
785 3075 1005 3146 fragmentorum
1027 3077 1086 3132 edi·

75 3170 120 3224 tor
144 3166 311 3223 Valentinus
337 3168 429 3222 Rosa
457 3167 503 3236 (in
535 3166 662 3235 exemplo
692 3165 911 3234 Teubneriano).
949 3166 1087 3220 Martinus

75 3273 187 3329 quoque
211 3254 410 3324 Schanaius,
438 3254 468 3309 in
490 3253 618 3311 Platonis
641 3253 775 3324 dialogis,
801 3271 871 3322 quos
894 3255 958 3323 post
981 3271 1085 3308 annum

75 3342 312 3399 MDCOOLXXIV
334 3343 562 3413 locupletissimis
582 3342 813 3398 adnotationibus
832 3343 983 3396 instructos
1002 3342 1088 3396 eden-

76 3433 128 3488 dos
146 3431 267 3499 curavit,
290 3432 378 3487 utitur
401 3433 513 3501 quidem
537 3430 655 3500 Cobeto,
683 3431 731 3485 sed
755 3430 908 3485 desultoria
926 3432 958 3484 ut
976 3431 1089 3486 videtur

75 3537 174 3590 opera:
193 3539 219 3576 v.
238 3519 276 3573 ad
294 3519 377 3591 Gorg.
396 3526 448 3576 493
463 3519 496 3576 A.
515 3519 660 3574 Menexen.
680 3524 732 3574 248
748 3519 771 3572 A
791 3519 842 3573 etc.
