2430 3848
136 158 199 221 116
481 121 484 125 ⁴
555 157 745 213 IAMssmoffl

89 328 129 386 ις’
241 320 285 384 Τὸ
310 316 347 408 δὲ
370 319 451 385 αὐτὸ
474 318 692 404 παραγγέλλει
711 318 765 384 κοιλ
785 320 866 404 <τὸ>
891 306 1013 406 δᾳδίῳ
1032 325 1162 384 θᾶκον

136 428 184 511 μὴ
218 425 429 508 άπόμασσε.
477 427 518 490 ού
550 427 613 512 γάρ
643 429 749 511 μόνον
782 425 850 492 ἐπεὶ
883 427 1088 512 καθαρτικὸν
1121 427 1160 490 τὸ

137 533 256 618 δᾳδίον
288 540 333 619 τῷ
366 534 522 616 ταχίστου
555 531 609 597 καὶ
640 535 798 598 πλείστου
835 532 1032 618 μεθεκτικδν
1070 527 1158 597 εἶναι
1172 550 1205 590 34·

137 641 257 723 πυρός,
286 639 397 725 ὥσπερ
420 641 458 705 τὸ
482 643 663 724 λεγόμενον
686 646 800 722 θεῖον,
826 649 983 722 παραινεῖ
1003 638 1046 722 μὴ
1071 641 1160 722 μιαί-

111 764 211 811 5νειν
235 745 315 810 αὐτὸ
335 746 436 829 φύσει
455 757 609 831 μιασμῶν
628 746 872 829 ἀποσοβητικὸν
891 744 1052 831 ὑπάρχον,
1076 741 1156 828 μηδ’

139 851 378 935 ἀντιμάχεσθαι
415 861 453 936 τῇ
490 860 614 938 φυσικῇ
646 852 885 936 ἐπιτηδειότητι
920 851 1023 916 αὐτοῦ
1056 852 1159 935 μολύ·

137 981 244 1023 νοντα,
264 960 300 1022 τὸ
326 962 507 1042 μολυσμῶν
530 961 731 1042 κωλυτικόν,
758 959 840 1023 ἀλλά
863 962 989 1042 μᾶλλον
1013 958 1056 1041 μὴ
1082 960 1157 1042 μίσ-

136 1087 209 1147 γειν
224 1060 307 1149 μηδὲ
325 1072 527 1150 κατακιρνάν
545 1066 585 1129 τά
604 1067 726 1150 σοφίας
745 1066 813 1129 ίδια
832 1074 901 1141 τοῖς
920 1072 977 1147 τῆς
997 1065 1158 1151 ζφωδίας·

137 1170 257 1257 δριδίον
281 1167 342 1254 μὲν
366 1173 429 1254 γάρ
455 1173 510 1236 διά
529 1165 599 1254 ’την
623 1170 822 1256 εύφέγγειαν
846 1170 1030 1256 φιλοσοφίᾳ
1053 1192 1156 1254 παρα-

99 1296 124 1335 10
139 1276 306 1360 βέβληται,
330 1283 437 1354 θάκος
461 1275 496 1343 δὲ
522 1279 577 1342 διά
600 1279 661 1361 την
684 1276 918 1362 χαμαιπέτειαν
943 1279 1079 1365 ζφωδίᾳ.

94 1389 126 1456 ιζ’
231 1385 275 1446 Τὸ
306 1379 342 1446 δὲ
371 1383 614 1469 ἀλεκτρυόνα
643 1384 761 1469 τρέφε
793 1383 877 1468 μέν,
911 1385 959 1467 μὴ
992 1391 1066 1448 θῦε
1100 1383 1205 1449 δέῑκ

138 1492 238 1573 μήνη
264 1491 336 1574 γάρ
354 1487 423 1553 Ικαὶ
448 1489 541 1578 ἡλίφ
566 1489 807 1577 καθιέρωται
832 1491 1053 1574 συμβουλεύει
1077 1489 1159 1573 ἡμῖν

138 1593 340 1679 ὑποτρέφειν
363 1593 418 1660 καλ
442 1608 685 1679 σωματοποιεῖν
708 1595 761 1662 καί
780 1598 823 1680 μη
843 1606 994 1679 παρορᾶν
1013 1595 1159 1661 ἀπολλύ-

139 1726 222 1786 μενα
246 1699 300 1766 καὶ
326 1704 592 1786 διαφθειρόμενα
620 1705 659 1767 τά
687 1713 744 1786 της
772 1711 832 1768 τοῦ
855 1706 982 1785 κόσμου
1009 1700 1160 1779 ένάισεως

101 1826 125 1866 15
139 1807 193 1874 καλ
217 1809 437 1893 ἀλληλουχίας
460 1811 669 1892 συμπαθείας
692 1832 727 1874 τε
748 1807 803 1874 καὶ
823 1813 1008 1892 συμπνοίας
1031 1809 1159 1892 μεγάλα

139 1918 305 1999 τεκμηρια.
357 1916 440 1980 ὥστε
467 1913 642 2001 προτρέπει
675 1926 733 1999 της
764 1925 825 1980 τοῦ
857 1917 980 1992 παντὸς
1011 1918 1159 1999 θεωρίας

139 2019 194 2086 καὶ
214 2024 419 2104 φιλοσοφίας
438 2021 753 2105 ἀντιλαμβάνεσθαι.
794 2019 864 2087 ἐπεὶ
882 2023 945 2105 γάρ
964 2020 1160 2102 ἀπόκρυφός

140 2129 240 2210 φύσει
258 2127 279 2209 ἡ
298 2124 372 2207 περὶ
388 2136 447 2191 τοῦ
466 2129 590 2203 παντὸς
610 2127 760 2210 ἀλήθεια,
782 2126 837 2192 καὶ
857 2129 1068 2210 δυσθήρατος
1088 2127 1159 2190 ίκα-

140 2243 221 2309 νῶς·
242 2231 376 2316 ζητητέα
396 2230 432 2298 δὲ
447 2234 535 2317 ὅμως
550 2233 719 2321 ἀνθρώπω
739 2233 794 2298 καὶ
813 2231 998 2318 έξιχνευτέα
1016 2232 1160 2315 μάλιστα

54 2370 55 2373 “
100 2357 126 2397 20
141 2341 196 2404 διά
220 2342 431 2424 φιλοσοφίας.
478 2341 533 2405 διά
560 2340 623 2422 γάρ
652 2341 756 2404 άλλου
782 2341 872 2415 τινὸς
901 2338 1160 2422 ἐπιτηδεύματος

141 2447 245 2523 οὕτως
269 2445 451 2511 ἀδύνατον·
474 2445 556 2528 αὕτη
582 2442 618 2510 δὲ
642 2446 741 2531 μικρά
764 2469 838 2510 τινα
858 2445 1046 2527 ἐναύσματα
1065 2445 1156 2527 παρὰ
1171 2463 1205 2504 ωε

140 2562 197 2635 τῆς
220 2553 352 2634 φύσεως
375 2553 592 2634 λαμβάνουσα
615 2549 671 2617 καὶ
690 2548 812 2615 ὡσανεὶ
834 2548 1075 2634 ἐφοδιαζομένη
1101 2553 1160 2628 ζω-

140 2667 295 2741 κυρεῖτε
320 2657 402 2720 αὐτὰ
425 2655 480 2721 καὶ
499 2659 676 2740 μεγεθύνει
700 2655 753 2721 καὶ
773 2655 987 2741 ένερνέστερα
1012 2658 1067 2720 διά
1091 2667 1160 2721 τῶν

140 2757 218 2847 παρ’
253 2762 354 2845 αὐτῆς
388 2764 595 2848 μαθημάτων
632 2762 853 2849 ἀπεργάζεται.
909 2761 1161 2848 φιλοσοφητέον

103 2870 248 2952 ε5<άρα>
273 2867 314 2932 ἀν
339 2874 398 2951 είη.

95 2983 130 3051 ιη’
235 2977 280 3039 Τὸ
301 2971 337 3039 δὲ
361 2972 422 3039 ἐπὶ
445 2977 666 3059 χοίνικιμη
690 2973 859 3054 καθέζου
879 2976 1161 3060 Πυθαγορικώτε-

142 3106 204 3168 ρον
228 3075 384 3158 έκδέξαιτ’
407 3083 448 3146 ἀν
471 3104 520 3157 τις
540 3080 574 3146 ἐκ
594 3093 660 3147 τῶν
680 3082 790 3147 αὐτῶν
808 3093 877 3159 τοῖς
896 3083 1032 3147 ἀνωθεν
1052 3082 1160 3168 ὁρμώ-

233 3317 247 3363 1
268 3307 299 3362 τὸ
319 3308 429 3363 addidit
446 3307 525 3378 Κ113
544 3308 673 3378 τάχιστον
694 3327 728 3363 ex
746 3326 843 3378 apogr.
864 3309 918 3363 Ciz.
938 3309 1015 3378 ΚΙλθ
1036 3311 1164 3374 ζωωδίας

146 3380 284 3448 Scaligerz
304 3379 444 3444 ξυνωδίας
457 3381 467 3448 Ι]
481 3385 515 3433 13
534 3375 696 3449 έπιτρέφειν
716 3384 745 3435 ολ
761 3382 899 3449 περιορᾶν
919 3381 964 3448 (cf.
985 3378 1075 3434 Cobet
1095 3381 1162 3435 Obs.

135 3453 176 3502 ad
188 3451 306 3519 Dionys.
321 3450 386 3507 Ηκλ.
400 3467 428 3519 p.
446 3453 489 3520 13)
509 3452 626 3520 requirit
646 3451 812 3520 Vitellium
833 3448 920 3514 ὄντως
944 3455 973 3505 et
991 3457 1025 3505 23
1046 3447 1162 3520 ἐναργέ-

122 3536 215 3584 στερα
230 3519 287 3590 All
298 3526 335 3575 25
356 3519 416 3593 ἀρα
435 3523 552 3580 addidit
568 3523 603 3580 K.
