<?xml version="1.0" encoding="UTF-8"?>
<!DOCTYPE html PUBLIC "-//W3C//DTD XHTML 1.0 Transitional//EN"
    "http://www.w3.org/TR/xhtml1/DTD/xhtml1-transitional.dtd">
<html xmlns="http://www.w3.org/1999/xhtml" xml:lang="en" lang="en">
 <head>
  <title>
</title>
<meta http-equiv="Content-Type" content="text/html;charset=utf-8" />
  <meta name='ocr-system' content='tesseract 3.04.00' />
  <meta name='ocr-capabilities' content='ocr_page ocr_carea ocr_par ocr_line ocrx_word'/>
</head>
<body>
  <div class='ocr_page' id='page_1' title='image "./iamblichiprotre00jambgoog_0059.png"; bbox 0 0 2430 3848; ppageno 0'>
   <div class='ocr_carea' id='block_1_1' title="bbox 105 159 708 224">
    <p class='ocr_par' dir='ltr' id='par_1_1' title="bbox 105 159 708 224">
     <span class='ocr_line' id='line_1_1' title="bbox 105 159 708 224; baseline -0.002 -11"><span class='ocrx_word' id='word_1_1' title='bbox 105 161 150 224; x_wconf 87' lang='lat'><em>40</em></span> <span class='ocrx_word' id='word_1_2' title='bbox 516 159 708 214; x_wconf 82' lang='lat' dir='ltr'><strong>IAMBLICHI</strong></span> 
     </span>
    </p>
   </div>
   <div class='ocr_carea' id='block_1_2' title="bbox 71 321 1169 2641">
    <p class='ocr_par' dir='ltr' id='par_1_2' title="bbox 107 321 1125 726">
     <span class='ocr_line' id='line_1_2' title="bbox 108 321 1124 408; baseline -0.003 -21"><span class='ocrx_word' id='word_1_3' title='bbox 108 322 248 406; x_wconf 78' lang='grc' dir='ltr'><em>ἀγαθῶν</em></span> <span class='ocrx_word' id='word_1_4' title='bbox 271 321 291 404; x_wconf 82' lang='grc' dir='ltr'><em>η</em></span> <span class='ocrx_word' id='word_1_5' title='bbox 316 325 490 408; x_wconf 89' lang='grc' dir='ltr'><em>φρόνησις.</em></span> <span class='ocrx_word' id='word_1_6' title='bbox 532 321 573 386; x_wconf 87' lang='grc' dir='ltr'><em>οὐ</em></span> <span class='ocrx_word' id='word_1_7' title='bbox 597 321 638 404; x_wconf 85' lang='grc' dir='ltr'><em>δη</em></span> <span class='ocrx_word' id='word_1_8' title='bbox 669 321 723 386; x_wconf 99' lang='grc' dir='ltr'><em>δεῖ</em></span> <span class='ocrx_word' id='word_1_9' title='bbox 743 321 881 405; x_wconf 78' lang='grc' dir='ltr'><em>φεύγειν</em></span> <span class='ocrx_word' id='word_1_10' title='bbox 905 322 1124 405; x_wconf 79' lang='grc' dir='ltr'><strong><em>φιλοσοφίαν,</em></strong></span> 
     </span>
     <span class='ocr_line' id='line_1_3' title="bbox 107 425 1125 514; baseline -0.001 -21"><span class='ocrx_word' id='word_1_11' title='bbox 107 435 198 514; x_wconf 86' lang='grc' dir='ltr'><em>είπερ</em></span> <span class='ocrx_word' id='word_1_12' title='bbox 217 425 308 493; x_wconf 81' lang='grc' dir='ltr'><em>ἐστὶν</em></span> <span class='ocrx_word' id='word_1_13' title='bbox 326 428 346 511; x_wconf 83' lang='grc' dir='ltr'><em>η</em></span> <span class='ocrx_word' id='word_1_14' title='bbox 366 425 426 513; x_wconf 74' lang='grc' dir='ltr'><em>μὲν</em></span> <span class='ocrx_word' id='word_1_15' title='bbox 445 431 641 513; x_wconf 82' lang='grc' dir='ltr'><em>φιλοσοφία,</em></span> <span class='ocrx_word' id='word_1_16' title='bbox 660 428 813 513; x_wconf 90' lang='grc' dir='ltr'><em>καθάπερ</em></span> <span class='ocrx_word' id='word_1_17' title='bbox 833 429 986 512; x_wconf 81' lang='grc' dir='ltr'><em>οἰόμεθα,</em></span> <span class='ocrx_word' id='word_1_18' title='bbox 1010 430 1125 511; x_wconf 78' lang='grc' dir='ltr'><em>κτῆσίς</em></span> 
     </span>
     <span class='ocr_line' id='line_1_4' title="bbox 107 530 1124 621; baseline -0.003 -21"><span class='ocrx_word' id='word_1_19' title='bbox 107 559 142 600; x_wconf 91' lang='grc' dir='ltr'><em>τε</em></span> <span class='ocrx_word' id='word_1_20' title='bbox 174 532 229 600; x_wconf 82' lang='grc' dir='ltr'><em>καὶ</em></span> <span class='ocrx_word' id='word_1_21' title='bbox 266 543 382 621; x_wconf 82' lang='grc' dir='ltr'><em>χρῆσις</em></span> <span class='ocrx_word' id='word_1_22' title='bbox 418 537 552 618; x_wconf 82' lang='grc' dir='ltr'><em>σοφίας,</em></span> <span class='ocrx_word' id='word_1_23' title='bbox 589 535 610 618; x_wconf 83' lang='grc' dir='ltr'><em>η</em></span> <span class='ocrx_word' id='word_1_24' title='bbox 644 530 681 599; x_wconf 73' lang='grc' dir='ltr'><em>δὲ</em></span> <span class='ocrx_word' id='word_1_25' title='bbox 718 535 822 619; x_wconf 84' lang='grc' dir='ltr'><em>σοφία</em></span> <span class='ocrx_word' id='word_1_26' title='bbox 854 543 922 599; x_wconf 90' lang='grc' dir='ltr'><em>τῶν</em></span> <span class='ocrx_word' id='word_1_27' title='bbox 958 536 1124 618; x_wconf 86' lang='grc' dir='ltr'><em>μεγίστων</em></span> 
     </span>
     <span class='ocr_line' id='line_1_5' title="bbox 108 636 1120 726; baseline -0.003 -19"><span class='ocrx_word' id='word_1_28' title='bbox 108 641 262 724; x_wconf 87' lang='grc' dir='ltr'><em>ἀγαθῶν·</em></span> <span class='ocrx_word' id='word_1_29' title='bbox 299 636 379 706; x_wconf 74' lang='grc' dir='ltr'><em>οὐδὲ</em></span> <span class='ocrx_word' id='word_1_30' title='bbox 416 642 467 706; x_wconf 89' lang='grc' dir='ltr'><em>δεῖ</em></span> <span class='ocrx_word' id='word_1_31' title='bbox 498 641 675 726; x_wconf 85' lang='grc' dir='ltr'><em>χρημάτων</em></span> <span class='ocrx_word' id='word_1_32' title='bbox 710 636 770 724; x_wconf 67' lang='grc' dir='ltr'><em>μὲν</em></span> <span class='ocrx_word' id='word_1_33' title='bbox 805 637 901 704; x_wconf 79' lang='grc' dir='ltr'><em>ἕνεκα</em></span> <span class='ocrx_word' id='word_1_34' title='bbox 937 644 1034 705; x_wconf 81' lang='grc' dir='ltr'><em>πλεῖν</em></span> <span class='ocrx_word' id='word_1_35' title='bbox 1067 636 1120 724; x_wconf 81' lang='grc' dir='ltr'><em>ἐφ’</em></span> 
     </span>
    </p>

    <p class='ocr_par' dir='ltr' id='par_1_3' title="bbox 80 741 1169 1259">
     <span class='ocr_line' id='line_1_6' title="bbox 80 741 1125 832; baseline -0.002 -19"><span class='ocrx_word' id='word_1_36' title='bbox 80 744 306 832; x_wconf 66' lang='grc' dir='ltr'><em>σἩρακλέους</em></span> <span class='ocrx_word' id='word_1_37' title='bbox 334 748 455 829; x_wconf 82' lang='grc' dir='ltr'><em>στηλας</em></span> <span class='ocrx_word' id='word_1_38' title='bbox 482 744 537 811; x_wconf 81' lang='grc' dir='ltr'><em>καὶ</em></span> <span class='ocrx_word' id='word_1_39' title='bbox 565 746 723 823; x_wconf 75' lang='grc' dir='ltr'><em>πολλάκις</em></span> <span class='ocrx_word' id='word_1_40' title='bbox 749 747 976 829; x_wconf 77' lang='grc' dir='ltr'><em>κινδυνεύειν,</em></span> <span class='ocrx_word' id='word_1_41' title='bbox 1008 746 1064 810; x_wconf 85' lang='grc' dir='ltr'><em>διά</em></span> <span class='ocrx_word' id='word_1_42' title='bbox 1088 741 1125 811; x_wconf 69' lang='grc' dir='ltr'><em>δὲ</em></span> 
     </span>
     <span class='ocr_line' id='line_1_7' title="bbox 108 848 1126 939; baseline -0.002 -21"><span class='ocrx_word' id='word_1_43' title='bbox 108 857 275 939; x_wconf 77' lang='grc' dir='ltr'><em>φρόνησιν</em></span> <span class='ocrx_word' id='word_1_44' title='bbox 299 850 405 938; x_wconf 74' lang='grc' dir='ltr'><em>μηδὲν</em></span> <span class='ocrx_word' id='word_1_45' title='bbox 428 863 545 918; x_wconf 81' lang='grc' dir='ltr'><em>πονεῖν</em></span> <span class='ocrx_word' id='word_1_46' title='bbox 568 849 652 937; x_wconf 69' lang='grc' dir='ltr'><em>μηδὲ</em></span> <span class='ocrx_word' id='word_1_47' title='bbox 676 854 838 917; x_wconf 80' lang='grc' dir='ltr'><em>δαπανᾶν.</em></span> <span class='ocrx_word' id='word_1_48' title='bbox 875 848 982 937; x_wconf 71' lang='grc' dir='ltr'><em>ἥμην</em></span> <span class='ocrx_word' id='word_1_49' title='bbox 1002 851 1126 937; x_wconf 76' lang='grc' dir='ltr'><em>ἀνδρα·</em></span> 
     </span>
     <span class='ocr_line' id='line_1_8' title="bbox 107 954 1123 1044; baseline -0.002 -19"><span class='ocrx_word' id='word_1_50' title='bbox 107 959 258 1037; x_wconf 86' lang='grc' dir='ltr'><em>ποδῶδές</em></span> <span class='ocrx_word' id='word_1_51' title='bbox 285 984 323 1044; x_wconf 88' lang='grc' dir='ltr'><em>γε</em></span> <span class='ocrx_word' id='word_1_52' title='bbox 350 968 411 1025; x_wconf 90' lang='grc' dir='ltr'><em>τοῦ</em></span> <span class='ocrx_word' id='word_1_53' title='bbox 436 964 493 1043; x_wconf 80' lang='grc' dir='ltr'><em>ζῆν</em></span> <span class='ocrx_word' id='word_1_54' title='bbox 517 959 600 1025; x_wconf 85' lang='grc' dir='ltr'><em>ἀλλά</em></span> <span class='ocrx_word' id='word_1_55' title='bbox 627 960 671 1043; x_wconf 84' lang='grc' dir='ltr'><em>μὴ</em></span> <span class='ocrx_word' id='word_1_56' title='bbox 700 968 760 1025; x_wconf 90' lang='grc' dir='ltr'><em>τοῦ</em></span> <span class='ocrx_word' id='word_1_57' title='bbox 788 963 846 1042; x_wconf 79' lang='grc' dir='ltr'><em>ζῆν</em></span> <span class='ocrx_word' id='word_1_58' title='bbox 870 954 908 1024; x_wconf 89' lang='grc' dir='ltr'><em>εὖ</em></span> <span class='ocrx_word' id='word_1_59' title='bbox 937 961 1123 1042; x_wconf 73' lang='grc' dir='ltr'><em>γλίχεσθαι,</em></span> 
     </span>
     <span class='ocr_line' id='line_1_9' title="bbox 107 1063 1169 1144; baseline -0.002 -13"><span class='ocrx_word' id='word_1_60' title='bbox 107 1064 163 1132; x_wconf 81' lang='grc' dir='ltr'><em>καὶ</em></span> <span class='ocrx_word' id='word_1_61' title='bbox 185 1078 257 1144; x_wconf 89' lang='grc' dir='ltr'><em>ταῖς</em></span> <span class='ocrx_word' id='word_1_62' title='bbox 284 1077 351 1132; x_wconf 90' lang='grc' dir='ltr'><em>τῶν</em></span> <span class='ocrx_word' id='word_1_63' title='bbox 380 1071 514 1132; x_wconf 85' lang='grc' dir='ltr'><em>πολλῶν</em></span> <span class='ocrx_word' id='word_1_64' title='bbox 537 1066 640 1131; x_wconf 86' lang='grc' dir='ltr'><em>αὐτὸν</em></span> <span class='ocrx_word' id='word_1_65' title='bbox 669 1065 871 1131; x_wconf 76' lang='grc' dir='ltr'><em>ἀκολουθεῖν</em></span> <span class='ocrx_word' id='word_1_66' title='bbox 900 1064 1012 1144; x_wconf 86' lang='grc' dir='ltr'><em>δόξαις</em></span> <span class='ocrx_word' id='word_1_67' title='bbox 1039 1063 1122 1130; x_wconf 84' lang='grc' dir='ltr'><em>ἀλλά</em></span> <span class='ocrx_word' id='word_1_68' title='bbox 1137 1083 1169 1121; x_wconf 70' lang='lat'><em>112</em></span> 
     </span>
     <span class='ocr_line' id='line_1_10' title="bbox 109 1169 1123 1259; baseline -0.003 -20"><span class='ocrx_word' id='word_1_69' title='bbox 109 1174 153 1258; x_wconf 84' lang='grc' dir='ltr'><em>μὴ</em></span> <span class='ocrx_word' id='word_1_70' title='bbox 176 1177 255 1251; x_wconf 88' lang='grc' dir='ltr'><em>τοὺς</em></span> <span class='ocrx_word' id='word_1_71' title='bbox 278 1176 423 1250; x_wconf 88' lang='grc' dir='ltr'><em>πολλοὺς</em></span> <span class='ocrx_word' id='word_1_72' title='bbox 447 1172 563 1251; x_wconf 80' lang='grc' dir='ltr'><em>ἀξιοῦν</em></span> <span class='ocrx_word' id='word_1_73' title='bbox 585 1183 657 1249; x_wconf 90' lang='grc' dir='ltr'><em>ταῖς</em></span> <span class='ocrx_word' id='word_1_74' title='bbox 680 1171 795 1254; x_wconf 85' lang='grc' dir='ltr'><em>αὑτοῦ,</em></span> <span class='ocrx_word' id='word_1_75' title='bbox 819 1169 874 1237; x_wconf 78' lang='grc' dir='ltr'><em>καὶ</em></span> <span class='ocrx_word' id='word_1_76' title='bbox 897 1172 938 1236; x_wconf 85' lang='grc' dir='ltr'><em>τά</em></span> <span class='ocrx_word' id='word_1_77' title='bbox 960 1169 1022 1256; x_wconf 76' lang='grc' dir='ltr'><em>μὲν</em></span> <span class='ocrx_word' id='word_1_78' title='bbox 1044 1174 1123 1259; x_wconf 82' lang='grc' dir='ltr'><em>χρη-</em></span> 
     </span>
    </p>

    <p class='ocr_par' dir='ltr' id='par_1_4' title="bbox 71 1275 1125 1470">
     <span class='ocr_line' id='line_1_11' title="bbox 71 1275 1125 1365; baseline -0.001 -21"><span class='ocrx_word' id='word_1_79' title='bbox 71 1298 96 1336; x_wconf 86' lang='lat'><em>10</em></span> <span class='ocrx_word' id='word_1_80' title='bbox 109 1303 195 1365; x_wconf 91' lang='grc' dir='ltr'><em>ματα</em></span> <span class='ocrx_word' id='word_1_81' title='bbox 219 1283 325 1364; x_wconf 80' lang='grc' dir='ltr'><em>ζητεῖν</em></span> <span class='ocrx_word' id='word_1_82' title='bbox 348 1291 416 1344; x_wconf 89' lang='grc' dir='ltr'><em>τῶν</em></span> <span class='ocrx_word' id='word_1_83' title='bbox 445 1275 482 1344; x_wconf 76' lang='grc' dir='ltr'><em>δὲ</em></span> <span class='ocrx_word' id='word_1_84' title='bbox 504 1284 616 1344; x_wconf 90' lang='grc' dir='ltr'><em>καλῶν</em></span> <span class='ocrx_word' id='word_1_85' title='bbox 644 1281 810 1363; x_wconf 90' lang='grc' dir='ltr'><em>μηδεμίαν</em></span> <span class='ocrx_word' id='word_1_86' title='bbox 840 1276 1029 1363; x_wconf 80' lang='grc' dir='ltr'><em>ἐπιμέλειαν</em></span> <span class='ocrx_word' id='word_1_87' title='bbox 1052 1300 1125 1344; x_wconf 92' lang='grc' dir='ltr'><em>ποι-</em></span> 
     </span>
     <span class='ocr_line' id='line_1_12' title="bbox 110 1387 450 1470; baseline 0 -20"><span class='ocrx_word' id='word_1_88' title='bbox 110 1392 222 1450; x_wconf 88' lang='grc' dir='ltr'><em>εῖσθαι</em></span> <span class='ocrx_word' id='word_1_89' title='bbox 245 1387 450 1470; x_wconf 87' lang='grc' dir='ltr'><em>τοπαράπαν.</em></span> 
     </span>
    </p>

    <p class='ocr_par' dir='ltr' id='par_1_5' title="bbox 110 1437 1127 1792">
     <span class='ocr_line' id='line_1_13' title="bbox 198 1437 1125 1578; baseline 0 -22"><span class='ocrx_word' id='word_1_90' title='bbox 198 1490 265 1556; x_wconf 84' lang='grc' dir='ltr'><em>Καὶ</em></span> <span class='ocrx_word' id='word_1_91' title='bbox 289 1491 365 1578; x_wconf 82' lang='grc' dir='ltr'><em>περὶ</em></span> <span class='ocrx_word' id='word_1_92' title='bbox 388 1489 449 1577; x_wconf 75' lang='grc' dir='ltr'><em>μὲν</em></span> <span class='ocrx_word' id='word_1_93' title='bbox 473 1491 635 1576; x_wconf 86' lang='grc' dir='ltr'><em>ὠφελείας</em></span> <span class='ocrx_word' id='word_1_94' title='bbox 656 1489 711 1556; x_wconf 81' lang='grc' dir='ltr'><em>καὶ</em></span> <span class='ocrx_word' id='word_1_95' title='bbox 739 1437 905 1576; x_wconf 88' lang='grc' dir='ltr'><em>μεγέθους</em></span> <span class='ocrx_word' id='word_1_96' title='bbox 932 1500 993 1556; x_wconf 87' lang='grc' dir='ltr'><em>τοῦ</em></span> <span class='ocrx_word' id='word_1_97' title='bbox 1021 1492 1125 1577; x_wconf 80' lang='grc' dir='ltr'><em>πράγ·</em></span> 
     </span>
     <span class='ocr_line' id='line_1_14' title="bbox 110 1594 1125 1684; baseline -0.001 -21"><span class='ocrx_word' id='word_1_98' title='bbox 110 1621 212 1682; x_wconf 82' lang='grc' dir='ltr'><em>ματος</em></span> <span class='ocrx_word' id='word_1_99' title='bbox 242 1599 362 1675; x_wconf 88' lang='grc' dir='ltr'><em>ίκανῶς</em></span> <span class='ocrx_word' id='word_1_100' title='bbox 391 1598 629 1682; x_wconf 88' lang='grc' dir='ltr'><em>ἀποδεδεῖχθαι</em></span> <span class='ocrx_word' id='word_1_101' title='bbox 656 1602 793 1683; x_wconf 81' lang='grc' dir='ltr'><em>νομίζω,</em></span> <span class='ocrx_word' id='word_1_102' title='bbox 827 1599 912 1663; x_wconf 82' lang='grc' dir='ltr'><em>διότι</em></span> <span class='ocrx_word' id='word_1_103' title='bbox 946 1594 982 1662; x_wconf 73' lang='grc' dir='ltr'><em>δέ</em></span> <span class='ocrx_word' id='word_1_104' title='bbox 1012 1602 1125 1684; x_wconf 80' lang='grc' dir='ltr'><em>πολλῷ</em></span> 
     </span>
     <span class='ocr_line' id='line_1_15' title="bbox 110 1701 1127 1792; baseline -0.002 -21"><span class='ocrx_word' id='word_1_105' title='bbox 110 1701 214 1792; x_wconf 76' lang='grc' dir='ltr'><em>ῥᾴστη</em></span> <span class='ocrx_word' id='word_1_106' title='bbox 242 1717 309 1771; x_wconf 91' lang='grc' dir='ltr'><em>τῶν</em></span> <span class='ocrx_word' id='word_1_107' title='bbox 338 1708 449 1771; x_wconf 85' lang='grc' dir='ltr'><em>άλλων</em></span> <span class='ocrx_word' id='word_1_108' title='bbox 472 1705 610 1789; x_wconf 82' lang='grc' dir='ltr'><em>ἀγαθῶν</em></span> <span class='ocrx_word' id='word_1_109' title='bbox 634 1705 655 1788; x_wconf 79' lang='grc' dir='ltr'><em>η</em></span> <span class='ocrx_word' id='word_1_110' title='bbox 677 1715 790 1790; x_wconf 77' lang='grc' dir='ltr'><em>κτῆσις</em></span> <span class='ocrx_word' id='word_1_111' title='bbox 812 1705 928 1789; x_wconf 79' lang='grc' dir='ltr'><em>αὐτῆς,</em></span> <span class='ocrx_word' id='word_1_112' title='bbox 957 1704 993 1770; x_wconf 79' lang='grc' dir='ltr'><em>ἐκ</em></span> <span class='ocrx_word' id='word_1_113' title='bbox 1019 1706 1127 1769; x_wconf 90' lang='grc' dir='ltr'><em>τῶνδε</em></span> 
     </span>
    </p>

    <p class='ocr_par' dir='ltr' id='par_1_6' title="bbox 72 1811 1163 2323">
     <span class='ocr_line' id='line_1_16' title="bbox 72 1811 1159 1897; baseline -0.001 -20"><span class='ocrx_word' id='word_1_114' title='bbox 72 1830 97 1870; x_wconf 82' lang='lat'><em>15</em></span> <span class='ocrx_word' id='word_1_115' title='bbox 111 1814 264 1896; x_wconf 82' lang='grc' dir='ltr'><em>πεισθείη</em></span> <span class='ocrx_word' id='word_1_116' title='bbox 287 1836 337 1889; x_wconf 90' lang='grc' dir='ltr'><em>τις</em></span> <span class='ocrx_word' id='word_1_117' title='bbox 360 1813 411 1878; x_wconf 87' lang='grc' dir='ltr'><em>άν.</em></span> <span class='ocrx_word' id='word_1_118' title='bbox 457 1813 494 1877; x_wconf 88' lang='grc' dir='ltr'><em>τὸ</em></span> <span class='ocrx_word' id='word_1_119' title='bbox 524 1813 588 1897; x_wconf 87' lang='grc' dir='ltr'><em>γάρ</em></span> <span class='ocrx_word' id='word_1_120' title='bbox 612 1815 692 1896; x_wconf 81' lang='grc' dir='ltr'><em>μήτε</em></span> <span class='ocrx_word' id='word_1_121' title='bbox 716 1817 842 1896; x_wconf 84' lang='grc' dir='ltr'><em>μισθοῦ</em></span> <span class='ocrx_word' id='word_1_122' title='bbox 865 1813 955 1896; x_wconf 85' lang='grc' dir='ltr'><em>παρὰ</em></span> <span class='ocrx_word' id='word_1_123' title='bbox 977 1822 1045 1876; x_wconf 90' lang='grc' dir='ltr'><em>τῶν</em></span> <span class='ocrx_word' id='word_1_124' title='bbox 1068 1811 1126 1876; x_wconf 91' lang='grc' dir='ltr'><em>άν-</em></span> <span class='ocrx_word' id='word_1_125' title='bbox 1156 1823 1159 1830; x_wconf 73' lang='grc'>“</span> 
     </span>
     <span class='ocr_line' id='line_1_17' title="bbox 109 1912 1163 2004; baseline 0.001 -21"><span class='ocrx_word' id='word_1_126' title='bbox 109 1920 258 2004; x_wconf 86' lang='grc' dir='ltr'><em>θράπων</em></span> <span class='ocrx_word' id='word_1_127' title='bbox 277 1916 459 2002; x_wconf 78' lang='grc' dir='ltr'><em>γινομένου</em></span> <span class='ocrx_word' id='word_1_128' title='bbox 477 1929 547 1995; x_wconf 88' lang='grc' dir='ltr'><em>τοῖς</em></span> <span class='ocrx_word' id='word_1_129' title='bbox 565 1922 803 2003; x_wconf 89' lang='grc' dir='ltr'><em>φιλοσοφοῦσι,</em></span> <span class='ocrx_word' id='word_1_130' title='bbox 829 1912 873 1982; x_wconf 88' lang='grc' dir='ltr'><em>δι’</em></span> <span class='ocrx_word' id='word_1_131' title='bbox 896 1917 936 1983; x_wconf 87' lang='grc' dir='ltr'><em>ὃν</em></span> <span class='ocrx_word' id='word_1_132' title='bbox 956 1920 1126 1996; x_wconf 85' lang='grc' dir='ltr'><em>συντόνως</em></span> <span class='ocrx_word' id='word_1_133' title='bbox 1139 1933 1163 1973; x_wconf 73' lang='grc'><em>43</em></span> 
     </span>
     <span class='ocr_line' id='line_1_18' title="bbox 111 2022 1127 2109; baseline -0.001 -19"><span class='ocrx_word' id='word_1_134' title='bbox 111 2025 216 2101; x_wconf 79' lang='grc' dir='ltr'><em>οὕτως</em></span> <span class='ocrx_word' id='word_1_135' title='bbox 241 2024 281 2089; x_wconf 86' lang='grc' dir='ltr'><em>άν</em></span> <span class='ocrx_word' id='word_1_136' title='bbox 306 2026 560 2107; x_wconf 82' lang='grc' dir='ltr'><em>διαπονησειαν,</em></span> <span class='ocrx_word' id='word_1_137' title='bbox 590 2024 677 2089; x_wconf 88' lang='grc' dir='ltr'><em>πολύ</em></span> <span class='ocrx_word' id='word_1_138' title='bbox 704 2048 739 2088; x_wconf 89' lang='grc' dir='ltr'><em>τε</em></span> <span class='ocrx_word' id='word_1_139' title='bbox 766 2022 972 2109; x_wconf 81' lang='grc' dir='ltr'><em>προεμένους</em></span> <span class='ocrx_word' id='word_1_140' title='bbox 999 2026 1047 2102; x_wconf 91' lang='grc' dir='ltr'><em>είς</em></span> <span class='ocrx_word' id='word_1_141' title='bbox 1069 2027 1127 2102; x_wconf 87' lang='grc' dir='ltr'><em>τάς</em></span> 
     </span>
     <span class='ocr_line' id='line_1_19' title="bbox 111 2129 1127 2218; baseline 0 -22"><span class='ocrx_word' id='word_1_142' title='bbox 111 2133 211 2208; x_wconf 87' lang='grc' dir='ltr'><em>άλλας</em></span> <span class='ocrx_word' id='word_1_143' title='bbox 233 2129 350 2214; x_wconf 79' lang='grc' dir='ltr'><em>τέχνας</em></span> <span class='ocrx_word' id='word_1_144' title='bbox 369 2131 457 2214; x_wconf 81' lang='grc' dir='ltr'><em>ὅμως</em></span> <span class='ocrx_word' id='word_1_145' title='bbox 480 2129 513 2210; x_wconf 79' lang='grc' dir='ltr'><em>ἐξ</em></span> <span class='ocrx_word' id='word_1_146' title='bbox 537 2130 653 2214; x_wconf 88' lang='grc' dir='ltr'><em>ὀλίγον</em></span> <span class='ocrx_word' id='word_1_147' title='bbox 671 2133 797 2215; x_wconf 86' lang='grc' dir='ltr'><em>χρόνου</em></span> <span class='ocrx_word' id='word_1_148' title='bbox 819 2130 962 2208; x_wconf 82' lang='grc' dir='ltr'><em>θέοντας</em></span> <span class='ocrx_word' id='word_1_149' title='bbox 984 2136 1127 2218; x_wconf 88' lang='grc' dir='ltr'><em>παρελη-</em></span> 
     </span>
     <span class='ocr_line' id='line_1_20' title="bbox 111 2235 1128 2323; baseline 0 -22"><span class='ocrx_word' id='word_1_150' title='bbox 111 2236 254 2302; x_wconf 89' lang='grc' dir='ltr'><em>λυθέναι</em></span> <span class='ocrx_word' id='word_1_151' title='bbox 276 2248 348 2314; x_wconf 92' lang='grc' dir='ltr'><em>ταῖς</em></span> <span class='ocrx_word' id='word_1_152' title='bbox 371 2236 568 2323; x_wconf 77' lang='grc' dir='ltr'><em>ἀκριβείαις,</em></span> <span class='ocrx_word' id='word_1_153' title='bbox 597 2240 736 2320; x_wconf 86' lang='grc' dir='ltr'><em>σημεῖόν</em></span> <span class='ocrx_word' id='word_1_154' title='bbox 763 2261 819 2322; x_wconf 93' lang='grc' dir='ltr'><em>μοι</em></span> <span class='ocrx_word' id='word_1_155' title='bbox 848 2239 942 2303; x_wconf 89' lang='grc' dir='ltr'><em>δοκεῖ</em></span> <span class='ocrx_word' id='word_1_156' title='bbox 966 2246 1024 2322; x_wconf 78' lang='grc' dir='ltr'><em>τῆς</em></span> <span class='ocrx_word' id='word_1_157' title='bbox 1051 2235 1128 2323; x_wconf 85' lang='grc' dir='ltr'><em>περὶ</em></span> 
     </span>
    </p>

    <p class='ocr_par' dir='ltr' id='par_1_7' title="bbox 71 2338 1129 2641">
     <span class='ocr_line' id='line_1_21' title="bbox 71 2338 1128 2430; baseline 0 -22"><span class='ocrx_word' id='word_1_158' title='bbox 71 2362 98 2402; x_wconf 82' lang='lat'><em>20</em></span> <span class='ocrx_word' id='word_1_159' title='bbox 111 2343 173 2427; x_wconf 81' lang='grc' dir='ltr'><em>την</em></span> <span class='ocrx_word' id='word_1_160' title='bbox 203 2346 410 2429; x_wconf 90' lang='grc' dir='ltr'><em>φιλοσοφίαν</em></span> <span class='ocrx_word' id='word_1_161' title='bbox 443 2338 530 2408; x_wconf 79' lang='grc' dir='ltr'><em>εἶναι</em></span> <span class='ocrx_word' id='word_1_162' title='bbox 560 2343 740 2430; x_wconf 74' lang='grc' dir='ltr'><em>ῥᾳστώνης.</em></span> <span class='ocrx_word' id='word_1_163' title='bbox 787 2346 834 2408; x_wconf 77' lang='grc' dir='ltr'><em>ἔτι</em></span> <span class='ocrx_word' id='word_1_164' title='bbox 868 2339 904 2408; x_wconf 74' lang='grc' dir='ltr'><em>δὲ</em></span> <span class='ocrx_word' id='word_1_165' title='bbox 935 2344 973 2408; x_wconf 89' lang='grc' dir='ltr'><em>τὸ</em></span> <span class='ocrx_word' id='word_1_166' title='bbox 1001 2342 1128 2420; x_wconf 79' lang='grc' dir='ltr'><em>πάντας</em></span> 
     </span>
     <span class='ocr_line' id='line_1_22' title="bbox 112 2447 1128 2537; baseline 0 -23"><span class='ocrx_word' id='word_1_167' title='bbox 112 2455 315 2537; x_wconf 78' lang='grc' dir='ltr'><em>φιλοχωρεῖν</em></span> <span class='ocrx_word' id='word_1_168' title='bbox 342 2447 392 2516; x_wconf 81' lang='grc' dir='ltr'><em>ἐπ’</em></span> <span class='ocrx_word' id='word_1_169' title='bbox 424 2450 506 2534; x_wconf 71' lang='grc' dir='ltr'><em>αὐτῇ</em></span> <span class='ocrx_word' id='word_1_170' title='bbox 539 2447 594 2514; x_wconf 78' lang='grc' dir='ltr'><em>καὶ</em></span> <span class='ocrx_word' id='word_1_171' title='bbox 625 2450 811 2533; x_wconf 78' lang='grc' dir='ltr'><em>βούλεσθαι</em></span> <span class='ocrx_word' id='word_1_172' title='bbox 843 2449 1014 2533; x_wconf 82' lang='grc' dir='ltr'><em>σχολάζειν</em></span> <span class='ocrx_word' id='word_1_173' title='bbox 1047 2448 1128 2535; x_wconf 89' lang='grc' dir='ltr'><em>άφε-</em></span> 
     </span>
     <span class='ocr_line' id='line_1_23' title="bbox 113 2555 1129 2641; baseline -0.001 -20"><span class='ocrx_word' id='word_1_174' title='bbox 113 2555 234 2641; x_wconf 88' lang='grc' dir='ltr'><em>μένους</em></span> <span class='ocrx_word' id='word_1_175' title='bbox 257 2567 324 2621; x_wconf 92' lang='grc' dir='ltr'><em>τῶν</em></span> <span class='ocrx_word' id='word_1_176' title='bbox 347 2557 458 2620; x_wconf 87' lang='grc' dir='ltr'><em>άλλῶν</em></span> <span class='ocrx_word' id='word_1_177' title='bbox 482 2555 648 2637; x_wconf 83' lang='grc' dir='ltr'><em>ἁπάντων,</em></span> <span class='ocrx_word' id='word_1_178' title='bbox 673 2556 714 2619; x_wconf 89' lang='grc' dir='ltr'><em>οὐ</em></span> <span class='ocrx_word' id='word_1_179' title='bbox 737 2556 857 2641; x_wconf 89' lang='grc' dir='ltr'><em>μικρὸν</em></span> <span class='ocrx_word' id='word_1_180' title='bbox 874 2557 1054 2640; x_wconf 75' lang='grc' dir='ltr'><em>τεκμήριον</em></span> <span class='ocrx_word' id='word_1_181' title='bbox 1077 2556 1129 2620; x_wconf 85' lang='grc' dir='ltr'><em>ὅτι</em></span> 
     </span>
    </p>
   </div>
   <div class='ocr_carea' id='block_1_3' title="bbox 73 2656 1169 3068">
    <p class='ocr_par' dir='ltr' id='par_1_8' title="bbox 113 2656 1130 2747">
     <span class='ocr_line' id='line_1_24' title="bbox 113 2656 1130 2747; baseline 0.001 -21"><span class='ocrx_word' id='word_1_182' title='bbox 113 2656 189 2746; x_wconf 86' lang='grc' dir='ltr'><em>μεθ’</em></span> <span class='ocrx_word' id='word_1_183' title='bbox 210 2661 334 2744; x_wconf 82' lang='grc' dir='ltr'><em>ηδονης</em></span> <span class='ocrx_word' id='word_1_184' title='bbox 352 2660 373 2743; x_wconf 83' lang='grc' dir='ltr'><em>η</em></span> <span class='ocrx_word' id='word_1_185' title='bbox 392 2661 592 2746; x_wconf 88' lang='grc' dir='ltr'><em>προσεδρεία</em></span> <span class='ocrx_word' id='word_1_186' title='bbox 610 2664 772 2745; x_wconf 89' lang='grc' dir='ltr'><em>γίγνεται·</em></span> <span class='ocrx_word' id='word_1_187' title='bbox 795 2673 914 2728; x_wconf 91' lang='grc' dir='ltr'><em>πονεῖν</em></span> <span class='ocrx_word' id='word_1_188' title='bbox 932 2664 996 2747; x_wconf 87' lang='grc' dir='ltr'><em>γάρ</em></span> <span class='ocrx_word' id='word_1_189' title='bbox 1016 2661 1130 2738; x_wconf 85' lang='grc' dir='ltr'><em>οὐδεὶς</em></span> 
     </span>
    </p>

    <p class='ocr_par' dir='ltr' id='par_1_9' title="bbox 73 2763 1169 2960">
     <span class='ocr_line' id='line_1_25' title="bbox 113 2763 1129 2854; baseline 0.001 -21"><span class='ocrx_word' id='word_1_190' title='bbox 113 2767 221 2834; x_wconf 80' lang='grc' dir='ltr'><em>ἐθέλει</em></span> <span class='ocrx_word' id='word_1_191' title='bbox 245 2769 354 2833; x_wconf 87' lang='grc' dir='ltr'><em>πολὺν</em></span> <span class='ocrx_word' id='word_1_192' title='bbox 376 2769 511 2852; x_wconf 89' lang='grc' dir='ltr'><em>χρόνον.</em></span> <span class='ocrx_word' id='word_1_193' title='bbox 552 2768 635 2853; x_wconf 84' lang='grc' dir='ltr'><em>πρὸς</em></span> <span class='ocrx_word' id='word_1_194' title='bbox 659 2763 696 2832; x_wconf 74' lang='grc' dir='ltr'><em>δέ</em></span> <span class='ocrx_word' id='word_1_195' title='bbox 714 2769 847 2845; x_wconf 88' lang='grc' dir='ltr'><em>τούτοις</em></span> <span class='ocrx_word' id='word_1_196' title='bbox 864 2769 884 2852; x_wconf 83' lang='grc' dir='ltr'><em>η</em></span> <span class='ocrx_word' id='word_1_197' title='bbox 903 2777 1019 2854; x_wconf 81' lang='grc' dir='ltr'><em>χρῆσις</em></span> <span class='ocrx_word' id='word_1_198' title='bbox 1038 2773 1129 2834; x_wconf 90' lang='grc' dir='ltr'><em>πλεῖ-</em></span> 
     </span>
     <span class='ocr_line' id='line_1_26' title="bbox 73 2870 1169 2960; baseline 0.005 -25"><span class='ocrx_word' id='word_1_199' title='bbox 73 2892 99 2935; x_wconf 78' lang='grc' dir='ltr'><em>ετ</em></span> <span class='ocrx_word' id='word_1_200' title='bbox 113 2891 194 2940; x_wconf 88' lang='grc' dir='ltr'><em>στον</em></span> <span class='ocrx_word' id='word_1_201' title='bbox 227 2872 378 2960; x_wconf 86' lang='grc' dir='ltr'><em>διαφέρει</em></span> <span class='ocrx_word' id='word_1_202' title='bbox 411 2874 561 2940; x_wconf 87' lang='grc' dir='ltr'><em>πάντων·</em></span> <span class='ocrx_word' id='word_1_203' title='bbox 594 2870 674 2939; x_wconf 72' lang='grc' dir='ltr'><em>οὐδὲ</em></span> <span class='ocrx_word' id='word_1_204' title='bbox 703 2875 766 2960; x_wconf 86' lang='grc' dir='ltr'><em>γάρ</em></span> <span class='ocrx_word' id='word_1_205' title='bbox 798 2874 930 2940; x_wconf 88' lang='grc' dir='ltr'><em>δεόνται</em></span> <span class='ocrx_word' id='word_1_206' title='bbox 957 2876 1041 2960; x_wconf 90' lang='grc' dir='ltr'><em>πρὸς</em></span> <span class='ocrx_word' id='word_1_207' title='bbox 1066 2877 1129 2960; x_wconf 83' lang='grc' dir='ltr'><em>την</em></span> <span class='ocrx_word' id='word_1_208' title='bbox 1144 2892 1169 2930; x_wconf 47' lang='lat'><em>11¹</em></span> 
     </span>
    </p>

    <p class='ocr_par' dir='ltr' id='par_1_10' title="bbox 113 2976 1129 3068">
     <span class='ocr_line' id='line_1_27' title="bbox 113 2976 1129 3068; baseline 0 -21"><span class='ocrx_word' id='word_1_209' title='bbox 113 2982 272 3068; x_wconf 84' lang='grc' dir='ltr'><em>ἐργασίαν</em></span> <span class='ocrx_word' id='word_1_210' title='bbox 300 2979 454 3065; x_wconf 86' lang='grc' dir='ltr'><em>ὀργάνων</em></span> <span class='ocrx_word' id='word_1_211' title='bbox 483 2976 563 3045; x_wconf 73' lang='grc' dir='ltr'><em>οὐδὲ</em></span> <span class='ocrx_word' id='word_1_212' title='bbox 590 2983 716 3063; x_wconf 83' lang='grc' dir='ltr'><em>τόπων,</em></span> <span class='ocrx_word' id='word_1_213' title='bbox 748 2977 818 3045; x_wconf 91' lang='grc' dir='ltr'><em>ἀλλ’</em></span> <span class='ocrx_word' id='word_1_214' title='bbox 847 2981 911 3066; x_wconf 82' lang='grc' dir='ltr'><em>ὅπη</em></span> <span class='ocrx_word' id='word_1_215' title='bbox 938 3006 988 3059; x_wconf 86' lang='grc' dir='ltr'><em>τις</em></span> <span class='ocrx_word' id='word_1_216' title='bbox 1015 2980 1058 3047; x_wconf 82' lang='grc' dir='ltr'><em>ἀν</em></span> <span class='ocrx_word' id='word_1_217' title='bbox 1081 2989 1129 3068; x_wconf 75' lang='grc' dir='ltr'><em>θῇ</em></span> 
     </span>
    </p>
   </div>
   <div class='ocr_carea' id='block_1_4' title="bbox 103 3167 1131 3601">
    <p class='ocr_par' dir='ltr' id='par_1_11' title="bbox 103 3167 1131 3601">
     <span class='ocr_line' id='line_1_28' title="bbox 185 3167 1131 3260; baseline 0.001 -33"><span class='ocrx_word' id='word_1_218' title='bbox 185 3180 201 3228; x_wconf 84' lang='grc'>9</span> <span class='ocrx_word' id='word_1_219' title='bbox 220 3169 320 3238; x_wconf 82' lang='grc' dir='ltr'><em>ἀξιοῦν</em></span> <span class='ocrx_word' id='word_1_220' title='bbox 335 3177 397 3234; x_wconf 84' lang='grc' dir='ltr'><em>ταῖς</em></span> <span class='ocrx_word' id='word_1_221' title='bbox 411 3167 499 3226; x_wconf 73' lang='grc' dir='ltr'><em>αὐτον</em></span> <span class='ocrx_word' id='word_1_222' title='bbox 487 3172 578 3260; x_wconf 79' lang='lat' dir='ltr'><strong>(sic)</strong></span> <span class='ocrx_word' id='word_1_223' title='bbox 597 3173 719 3226; x_wconf 75' lang='lat' dir='ltr'>correxit</span> <span class='ocrx_word' id='word_1_224' title='bbox 732 3189 831 3226; x_wconf 78' lang='lat' dir='ltr'><strong>manus</strong></span> <span class='ocrx_word' id='word_1_225' title='bbox 844 3190 942 3228; x_wconf 78' lang='lat' dir='ltr'>recens</span> <span class='ocrx_word' id='word_1_226' title='bbox 956 3189 1044 3243; x_wconf 76' lang='lat' dir='ltr'><strong>marg.</strong></span> <span class='ocrx_word' id='word_1_227' title='bbox 1018 3174 1131 3229; x_wconf 62' lang='lat' dir='ltr'>‘’Lau-</span> 
     </span>
     <span class='ocr_line' id='line_1_29' title="bbox 113 3239 1113 3368; baseline -0.002 -67"><span class='ocrx_word' id='word_1_228' title='bbox 113 3247 184 3301; x_wconf 80' lang='lat' dir='ltr'><strong>rent.</strong></span> <span class='ocrx_word' id='word_1_229' title='bbox 194 3251 237 3310; x_wconf 83' lang='grc'><em>86,</em></span> <span class='ocrx_word' id='word_1_230' title='bbox 248 3250 295 3297; x_wconf 81' lang='lat'><em>29:</em></span> <span class='ocrx_word' id='word_1_231' title='bbox 310 3239 674 3368; x_wconf 75' lang='grc' dir='ltr'><em>αξιονντεςαυτου(νλοτ</em></span> <span class='ocrx_word' id='word_1_232' title='bbox 685 3260 719 3297; x_wconf 84' lang='lat' dir='ltr'><em>ex</em></span> <span class='ocrx_word' id='word_1_233' title='bbox 728 3239 757 3312; x_wconf 87' lang='lat' dir='ltr'><em>v)</em></span> <span class='ocrx_word' id='word_1_234' title='bbox 772 3245 781 3312; x_wconf 73' lang='grc' dir='ltr'><em>ΙΙ</em></span> <span class='ocrx_word' id='word_1_235' title='bbox 797 3249 829 3297; x_wconf 78' lang='grc'><em>15</em></span> <span class='ocrx_word' id='word_1_236' title='bbox 843 3243 998 3332; x_wconf 82' lang='grc' dir='ltr'><em>πέπεισμαι</em></span> <span class='ocrx_word' id='word_1_237' title='bbox 1011 3244 1061 3299; x_wconf 90' lang='lat' dir='ltr'><em>hb</em></span> <span class='ocrx_word' id='word_1_238' title='bbox 1072 3245 1113 3299; x_wconf 92' lang='lat' dir='ltr'><em>III</em></span> 
     </span>
     <span class='ocr_line' id='line_1_30' title="bbox 117 3310 1112 3386; baseline 0.002 -17"><span class='ocrx_word' id='word_1_239' title='bbox 117 3323 148 3370; x_wconf 84' lang='grc'><em>16</em></span> <span class='ocrx_word' id='word_1_240' title='bbox 163 3310 331 3384; x_wconf 84' lang='grc' dir='ltr'><em>φιλοσοφοις</em></span> <span class='ocrx_word' id='word_1_241' title='bbox 345 3314 416 3369; x_wconf 79' lang='lat' dir='ltr'>hbet</span> <span class='ocrx_word' id='word_1_242' title='bbox 429 3314 595 3386; x_wconf 78' lang='grc'><strong>1111117</strong></span> <span class='ocrx_word' id='word_1_243' title='bbox 610 3331 663 3370; x_wconf 87' lang='lat' dir='ltr'><em>om.</em></span> <span class='ocrx_word' id='word_1_244' title='bbox 679 3313 922 3382; x_wconf 69' lang='grc' dir='ltr'><em>ΙίῦεεΠΙῖῖιέπ</em></span> <span class='ocrx_word' id='word_1_245' title='bbox 925 3312 1026 3370; x_wconf 81' lang='lat' dir='ltr'>delet</span> <span class='ocrx_word' id='word_1_246' title='bbox 1037 3315 1112 3372; x_wconf 82' lang='lat' dir='ltr'>Rose</span> 
     </span>
     <span class='ocr_line' id='line_1_31' title="bbox 114 3386 1118 3456; baseline -0.001 -15"><span class='ocrx_word' id='word_1_247' title='bbox 114 3393 148 3443; x_wconf 78' lang='lat'><em>23</em></span> <span class='ocrx_word' id='word_1_248' title='bbox 167 3405 188 3440; x_wconf 91' lang='grc' dir='ltr'><em>π</em></span> <span class='ocrx_word' id='word_1_249' title='bbox 189 3387 337 3455; x_wconf 85' lang='grc' dir='ltr'><em>ροοεὸρεία</em></span> <span class='ocrx_word' id='word_1_250' title='bbox 356 3387 422 3455; x_wconf 86' lang='lat' dir='ltr'>(non</span> <span class='ocrx_word' id='word_1_251' title='bbox 441 3387 546 3455; x_wconf 81' lang='lat' dir='ltr'><strong>aliter)]</strong></span> <span class='ocrx_word' id='word_1_252' title='bbox 565 3386 718 3453; x_wconf 83' lang='grc' dir='ltr'><em>προεδρεία</em></span> <span class='ocrx_word' id='word_1_253' title='bbox 736 3401 770 3440; x_wconf 81' lang='lat' dir='ltr'><em>ex</em></span> <span class='ocrx_word' id='word_1_254' title='bbox 789 3401 886 3456; x_wconf 76' lang='lat' dir='ltr'>apogr</span> <span class='ocrx_word' id='word_1_255' title='bbox 900 3388 987 3442; x_wconf 83' lang='lat' dir='ltr'><strong>Rose:</strong></span> <span class='ocrx_word' id='word_1_256' title='bbox 1006 3387 1079 3441; x_wconf 82' lang='lat' dir='ltr'><strong>liber</strong></span> <span class='ocrx_word' id='word_1_257' title='bbox 1092 3387 1118 3440; x_wconf 91' lang='grc'><em>11</em></span> 
     </span>
     <span class='ocr_line' id='line_1_32' title="bbox 109 3453 1131 3530; baseline 0.003 -21"><span class='ocrx_word' id='word_1_258' title='bbox 109 3477 135 3509; x_wconf 74' lang='grc' dir='ltr'><em>π</em></span> <span class='ocrx_word' id='word_1_259' title='bbox 131 3457 314 3526; x_wconf 75' lang='grc' dir='ltr'><em>ροεεδρεία1ἶ</em></span> <span class='ocrx_word' id='word_1_260' title='bbox 331 3453 398 3513; x_wconf 81' lang='lat'>109¹&gt;</span> <span class='ocrx_word' id='word_1_261' title='bbox 408 3459 453 3526; x_wconf 84' lang='lat'><em>(=</em></span> <span class='ocrx_word' id='word_1_262' title='bbox 463 3456 571 3512; x_wconf 83' lang='lat' dir='ltr'><strong>Villois.</strong></span> <span class='ocrx_word' id='word_1_263' title='bbox 587 3475 614 3526; x_wconf 90' lang='lat' dir='ltr'><em>p.</em></span> <span class='ocrx_word' id='word_1_264' title='bbox 629 3462 681 3511; x_wconf 78' lang='lat'><em>218</em></span> <span class='ocrx_word' id='word_1_265' title='bbox 684 3458 745 3524; x_wconf 82' lang='lat'>,21)</span> <span class='ocrx_word' id='word_1_266' title='bbox 761 3457 790 3510; x_wconf 75' lang='lat' dir='ltr'><em>et</em></span> <span class='ocrx_word' id='word_1_267' title='bbox 803 3460 957 3527; x_wconf 85' lang='grc' dir='ltr'><em>προεδρίαν</em></span> <span class='ocrx_word' id='word_1_268' title='bbox 971 3458 989 3512; x_wconf 82' lang='grc'><em>1</em></span> <span class='ocrx_word' id='word_1_269' title='bbox 1006 3455 1131 3530; x_wconf 70' lang='lat' dir='ltr'>loeb(=</span> 
     </span>
     <span class='ocr_line' id='line_1_33' title="bbox 103 3523 816 3601; baseline 0.003 -23"><span class='ocrx_word' id='word_1_270' title='bbox 103 3525 208 3582; x_wconf 67' lang='grc' dir='ltr'><em>λῦλίοια</em></span> <span class='ocrx_word' id='word_1_271' title='bbox 222 3530 473 3601; x_wconf 75' lang='grc' dir='ltr'><strong>μ.214,14)1125</strong></span> <span class='ocrx_word' id='word_1_272' title='bbox 495 3523 564 3586; x_wconf 69' lang='grc' dir='ltr'><em>οὐδὲ</em></span> <span class='ocrx_word' id='word_1_273' title='bbox 566 3549 583 3586; x_wconf 89' lang='grc' dir='ltr'><em>ν</em></span> <span class='ocrx_word' id='word_1_274' title='bbox 603 3525 660 3600; x_wconf 81' lang='grc' dir='ltr'><em>γάρ</em></span> <span class='ocrx_word' id='word_1_275' title='bbox 676 3527 750 3582; x_wconf 65' lang='lat' dir='ltr'><em>hbet</em></span> <span class='ocrx_word' id='word_1_276' title='bbox 762 3527 816 3582; x_wconf 90' lang='grc'><em>111</em></span> 
     </span>
    </p>
   </div>
   <div class='ocr_carea' id='block_1_5' title="bbox 0 0 1227 3848">
    <p class='ocr_par' dir='ltr' id='par_1_12' title="bbox 0 0 1227 3848">
     <span class='ocr_line' id='line_1_34' title="bbox 0 0 1227 3848; baseline 0 0"><span class='ocrx_word' id='word_1_277' title='bbox 0 0 1227 3848; x_wconf 95' lang='lat' dir='ltr'><em> </em></span> 
     </span>
    </p>
   </div>
  </div>
 </body>
</html>
