2430 3848
302 192 495 248 IAMBLICHI
513 192 788 248 PROTREPTICUS
808 196 841 260 (ο.
861 192 892 261 Ι).
1086 191 1103 253 7

87 380 188 442 ματα,
216 356 323 433 πόσας
352 353 388 421 δὲ
415 357 473 432 τας
496 355 689 439 ἐπιστήμας,
718 354 824 433 πόσας
852 353 888 420 δὲ
916 357 974 432 τὰς
1001 355 1037 420 ἐν
1060 362 1105 443 τῷ

12 482 74 522 ιοΚ.
89 466 150 551 βίφ
180 464 281 540 καλδις
308 460 363 527 καὶ
390 464 546 545 γενναίας
573 461 722 548 πράξεις,
750 462 858 539 πασας
886 458 922 528 δέ
945 464 1106 545 παιδείας,

87 570 141 636 καί
165 570 210 647 ὡς
233 572 310 646 ἐπος
329 571 434 634 είπείν
452 569 559 634 πάντα
578 570 640 634 ὅσα
659 567 785 653 μετέχει
803 578 865 633 τοῦ
878 573 991 634 καλοῦ.
1030 569 1106 634 οὔτε

87 679 151 764 γὰρ
175 678 256 742 ἄνευ
277 683 339 740 τοῦ
361 684 592 762 προτραπήναι
616 667 690 741 οἷόν
713 677 749 740 τέ
771 675 862 740 ἐστιν
886 675 1029 761 ὁρμήσαι
1053 673 1106 740 ἐπὶ

87 784 128 848 τὰ
146 784 230 847 καλδι
247 780 302 846 καὶ
321 792 460 865 γενναῖα
480 781 732 867 ἐπιτηδεύματα,
757 781 834 847 οὔτε
856 775 929 847 οἷόν
948 805 983 847 τε
1002 782 1133 858 εὐθὺςὸ

23 905 72 948 τε,
88 887 141 954 ἐπὶ
169 890 206 955 τὸ
234 889 416 976 ἀκρότατον
446 887 501 954 καί
528 892 735 954 τελειότατον
768 888 899 972 ἀγαθὸν
931 911 1107 975 προευτρε-

87 997 194 1074 πίζειν
217 998 291 1061 τινα
313 994 394 1081 πρίν
417 996 593 1081 ἐμποιῆσαι
615 996 889 1078 ὑποκατασκευην
918 1005 976 1079 της
1000 1005 1108 1080 ψυχῆς

88 1102 145 1166 διὰ
171 1111 228 1186 τής
254 1111 457 1190 προτροπῆς·
486 1101 557 1167 ἀλλ’
590 1103 699 1188 ὥσπερ
727 1102 747 1186 ή
775 1103 864 1186 ψυχή
892 1103 974 1167 κατὰ
1000 1104 1108 1187 βραχὺ

87 1212 240 1295 πρόεισιν
264 1207 317 1274 ἐπὶ
339 1211 379 1274 τδι
402 1213 536 1294 μείζονα
559 1210 623 1275 ἀπὸ
642 1220 709 1274 τῶν
728 1208 926 1291 ἐλαττόνων,
951 1209 1007 1272 διδι
1025 1208 1108 1273 ποίν-

87 1338 155 1380 των
181 1339 217 1380 τε
245 1314 379 1394 διέξεισι
406 1326 474 1381 τῶν
500 1321 626 1399 καλῶν,
655 1314 710 1381 καὶ
739 1314 792 1381 έπί
814 1324 860 1405 τῷ
884 1314 969 1380 τέλει
994 1317 1035 1379 τδι
1057 1338 1107 1380 τε·
1122 1331 1148 1370 1⁰
1200 1383 1209 1394 ρ

87 1423 233 1487 λειότατα
262 1421 375 1506 ἀγαθὰ
406 1421 566 1508 εὑρίσκει,
601 1423 707 1499 οὕτως
734 1419 790 1486 καὶ
821 1423 883 1504 τήν
914 1423 1108 1508 προτροπὴν

88 1530 143 1593 δεῖ
163 1527 230 1615 ὁδῷ
251 1525 405 1613 προϊέναι
421 1525 613 1614 ’ἀρχομένην
636 1527 699 1593 ἀπὸ
719 1538 786 1592 τῶν
804 1539 938 1592 κοινῶν.
976 1530 1023 1605 είς
1041 1530 1105 1615 χδιρ

88 1637 295 1719 φιλοσοφίαν
319 1633 429 1711 ἁπλῶς
447 1635 654 1720 παρορμήσει
677 1632 732 1697 καὶ
754 1634 837 1718 πρὸς
856 1633 937 1698 αὐτὸ
956 1636 993 1698 τὸ
1013 1640 1108 1719 φιλο-

15 1758 73 1797 σΚ.
88 1753 208 1826 σοφείν
240 1742 432 1825 συλλήβδην
462 1734 541 1805 καθ’
571 1739 732 1823 ἡντινοῦν
765 1739 915 1822 ἀγωγήν,
947 1741 1109 1823 μηδεμιᾶς

86 1857 153 1913 τῶν
186 1845 346 1930 αἱρέσεων
376 1847 534 1931 ἄντικρυς
562 1845 841 1933 προκρινομένης,
874 1845 957 1910 όιλλδι
986 1856 1108 1924 κοινῶς
1123 1863 1147 1903 1⁵

86 1955 169 2018 κατὰ
186 1951 284 2035 γένος
302 1953 440 2017 ἁπασῶν
459 1951 711 2037 ἐπαινουμένων
730 1950 786 2018 καί
809 1953 898 2037 παρὰ
915 1953 956 2018 τδι
975 1951 1109 2038 ἀνδρώ-

86 2081 167 2126 πινα
196 2059 437 2144 ἐπιτηδεύματα
464 2058 741 2144 πρεσβευομένων
773 2059 856 2124 κατά
884 2082 960 2124 τινα
991 2061 1109 2125 κοινὸν

86 2165 142 2231 καὶ
162 2167 299 2251 δημώδη
319 2167 559 2252 προτρεπτικὸν
572 2169 708 2251 τρόπον.
745 2168 826 2250 μετὰ
846 2162 1004 2232 δὲταῦτα
1024 2165 1107 2252 μέση

86 2271 153 2338 τινὶ
176 2274 311 2358 μεθόδῳ
335 2270 513 2359 χρηστέον,
542 2247 620 2337 οὔτε
647 2272 836 2338 παντάπασι
860 2273 1007 2357 δημώδει
1031 2274 1108 2337 οὔτε

86 2379 154 2464 μην
186 2379 341 2464 ἄντικρυς
373 2385 611 2464 Πυθαγορική,
651 2373 722 2443 ἀλλ’
757 2373 837 2443 οὐδὲ
874 2378 1108 2464 ἀπηλλαγμένη
1122 2397 1149 2437 εο

39 2502 45 2516 ’
87 2485 273 2572 ὁλοσχερῶς
297 2484 454 2573 ἑκατέρου
476 2495 538 2551 τοῦ
560 2488 687 2571 τρόπου
710 2484 841 2550 τούτου.
888 2484 925 2550 ἐν
948 2481 985 2549 δέ
1003 2485 1107 2571 ταότη

86 2593 203 2668 κοινός
215 2615 250 2657 τε
265 2593 373 2676 πάσης
391 2594 594 2677 φιλοσοφίας
613 2591 753 2677 τάξομεν
769 2593 1004 2678 παρορμήσας,
1025 2591 1109 2657 ὥστε

28 2699 292 2784 θΔκεχωρίσθαι
321 2698 421 2775 αὐτὰς
450 2703 695 2783 Πυθαγορικοῦ
723 2701 931 2782 βουλήματος
961 2700 1043 2763 κατα
1071 2722 1109 2780 χε

85 2812 198 2887 τοῦτο,
221 2802 426 2889 συμμίξομεν
446 2801 483 2868 δὲ
502 2803 718 2891 ἐγκαιρότατα
736 2801 791 2868 καί
809 2805 867 2880 τὰς
885 2813 953 2868 τῶν
972 2802 1109 2889 ἀνδρῶν

86 2911 217 2999 τούτων
240 2910 444 2996 κυριωτάτας
468 2909 566 2989 δόξας
591 2913 651 2992 [είς
675 2909 713 2986 ἃς
733 2908 931 2995 προτρέπειν
950 2919 1017 2975 τῶν
1036 2916 1108 2975 Πυ-
1122 2927 1148 2968 25

86 3020 308 3102 δαχορικῶν],
332 3017 416 3082 ὥστε
439 3019 563 3082 οίκεῖον
585 3021 764 3100 γίγνεσθαι
789 3019 860 3098 [τὸν
878 3018 1017 3101 τρόπον]
1041 3028 1108 3082 τῶν

181 3197 283 3262 18εηη.
303 3193 337 3247 cf.
356 3192 430 3247 infra
448 3209 471 3247 ο.
490 3192 555 3246 XXI
573 3210 601 3261 p.
617 3198 677 3260 306,
693 3199 779 3261 6sqq.
799 3190 899 3246 Kiessl.

107 3423 139 3435 ..
179 3356 213 3436 153
232 3347 302 3421 μετὰ
322 3349 367 3432 δὲ]
386 3351 452 3407 hinc
471 3352 593 3406 alterum
612 3354 697 3440 capgt
714 3350 872 3439 inncodice:
892 3349 952 3419 ipse
971 3350 997 3402 K
1016 3353 1045 3432 ει
1064 3366 1108 3405 οε,-

86 3425 154 3492 ¹³¹OE
169 3421 1111 3564 “·.⁸¹¹¹‘³3¹?f³¹=²mu⁸{?}⁰1!21⁹5‘¹·(2÷’5⁸sszfssizfia³⁰3affi⁶i⁸ssk

85 3510 382 3636 δέδδωδθὶέυἵὶλόέλδῖ
390 3585 437 3636 πρ.
456 3512 511 3619 τόν
531 3514 745 3640 Πςνδδιχοριιῗῶν
770 3567 801 3622 ολ,
817 3560 869 3620 τον
881 3513 1002 3635 ςτρόπόυ
1022 3559 1138 3613 ww.
