2430 3848
372 198 648 256 PROTREPTICUS
667 204 701 269 (ο.
716 201 787 271 XX).
1026 201 1089 267 103

75 358 144 426 ἀλλ’
172 359 234 426 οὐκ
257 363 376 446 ἔργον,
397 361 438 426 τά
459 383 495 427 τε
517 364 668 447 χρήματα
691 355 735 428 δι’
759 360 916 429 ἀπιστίαν
938 360 993 429 καὶ
1017 363 1089 449 ἀμι-

74 463 146 544 ξίαν
170 464 500 552 ἀποθησαυρίζουσιν
521 464 593 534 ἀλλ’
615 467 657 533 ού
679 476 882 552 κοινοῦνται,
905 467 961 534 καί
984 470 1090 548 οὕτως

74 573 196 639 σπάνια
219 576 378 658 γίγνεται,
402 573 461 640 έδιν
483 572 540 641 καὶ
563 576 669 640 πολλά
691 565 723 660 ᾗ.

161 680 209 746 At
219 703 254 746 τε
267 681 365 766 τύχαι
378 680 416 746 αί
430 684 581 766 φλαύραι
598 679 654 746 καὶ
672 681 711 746 αί
725 679 852 765 ἀγαθαὶ
870 682 918 758 είς
930 680 1089 749 τάναντία

71 782 307 870 ὑπηρετοῦσιν·
333 787 355 870 ἣ
377 809 412 852 τε
434 789 499 873 γάρ
522 787 657 873 εὐτυχία
681 787 744 852 οὐκ
765 785 917 872 ἀσφαλής
938 787 1029 854 ἐστιν
1052 788 1115 855 ένσ

10 905 58 948 M·
71 899 112 976 τῇ
131 889 252 980 ἀνομία
271 891 343 959 ἀλλ’
365 892 625 977 ἐπιβουλεύεται,
648 895 722 977 ἥτε
742 895 903 979 δυστυχία
921 893 983 960 ούκ
1001 894 1089 960 άπω·

69 1004 183 1063 θεῑται
205 997 288 1065 ἀλλὰ
310 1000 507 1084 κρατύνεται
531 1001 587 1064 διά
609 999 672 1083 τὴν
692 999 848 1064 ἀπιστίαν
869 998 926 1066 καὶ
948 1000 1088 1085 ἀμιξίαν.

153 1101 192 1169 Ὅ
208 1127 244 1170 τε
257 1106 400 1189 πόλεμος
418 1103 545 1183 έξυθεν
558 1109 687 1190 μᾶλλον
703 1103 858 1189 ἐπάγεται
874 1103 930 1171 καὶ
948 1106 969 1190 ἡ
984 1109 1088 1172 οίκεία

70 1210 186 1287 στάσις
217 1210 281 1277 άπὸ
312 1219 371 1294 της
401 1210 503 1296 αὐτῆς
536 1213 656 1295 αίτίας,
688 1209 745 1277 καὶ
777 1211 837 1278 έάν
864 1213 908 1298 μὴ
936 1214 1088 1297 πρόσθεν

70 1319 240 1400 γίγνηται,
268 1319 342 1383 τότε
367 1320 558 1402 συμβαίνει·
588 1320 626 1384 έν
653 1341 688 1384 τε
715 1318 884 1404 πράγμασι
911 1321 1088 1403 συμβαίνει
1103 1338 1129 1378 10

10 1438 55 1478 αἱ
69 1423 275 1489 καθεστάναι
306 1421 358 1489 ἀεὶ
388 1424 444 1488 διδ
476 1423 655 1508 ἐπιβουλὰς
686 1426 744 1502 τάς
775 1424 809 1506 ἐξ
839 1425 1007 1510 ἀλλήλοιν,
1040 1421 1084 1490 δι’

65 1529 174 1614 ἅσπερ
192 1527 462 1614 εὐλαβουμένους
478 1552 514 1595 τε
535 1531 699 1597 διατελεῖν
717 1529 773 1598 καὶ
791 1530 1088 1617 ἀντεπιβουλεύον-

67 1657 128 1713 τας
149 1634 313 1719 ἀλλήλοις.
405 1709 407 1712 ,

158 1739 226 1806 Καὶ
248 1741 325 1807 ούτε
348 1740 569 1826 ἐγρηγορόσιν
587 1742 702 1826 ἡδείας
723 1744 780 1819 τάς
798 1743 983 1827 φροντίδας
1001 1735 1088 1807 εἶναι

69 1847 147 1914 ούτε
170 1847 205 1932 ές
226 1849 286 1913 τὸν
308 1847 417 1913 ύπνου
441 1846 679 1934 ἀπερχομένοις
698 1849 816 1933 ἡδεῖαν
834 1848 896 1932 τὴν
914 1847 1086 1933 ὑποδοχὴν
1101 1867 1128 1909 ιι

69 1953 153 2019 άλλδι
170 1952 378 2039 ἐνδείματον,
396 1955 458 2038 τήν
476 1977 511 2019 τε
530 1953 706 2047 άνέγερσιγ
725 1958 876 2041 ἐμφοβον
894 1952 950 2020 καὶ
967 1962 1086 2020 πτοοῦ-

68 2076 133 2126 σαν
165 2061 225 2127 τὸν
256 2062 442 2145 άνθρωπον
478 2059 531 2127 ἐπὶ
567 2065 697 2147 μνήμας
728 2072 840 2128 κακῶν
877 2060 1087 2140 ἐξαπιναίους

68 2167 177 2249 άγειν·
200 2167 283 2253 άπερ
302 2167 338 2232 ἐκ
355 2175 413 2250 τῆς
432 2166 572 2252 άνομίας
589 2169 693 2234 ταῦτά
710 2192 745 2235 τε
767 2167 823 2235 καὶ
841 2170 881 2234 τά
902 2169 986 2234 άλλα
1003 2171 1087 2234 κακὰ

68 2273 108 2336 τδι
131 2271 356 2358 προειρημένα
378 2273 509 2338 ἅπαντα
532 2271 715 2356 ἀποβαίνει.

158 2380 291 2444 Γίνεται
322 2375 359 2443 δέ
386 2376 442 2444 καὶ
468 2378 490 2462 ἡ
518 2380 691 2464 τυραννίς,
723 2381 828 2446 κακὸν
857 2382 1021 2445 τοσοῦτόν
1052 2402 1086 2445 τε
1100 2399 1127 2439 ιο

66 2481 124 2549 καὶ
146 2494 313 2567 τοιοῦτον,
338 2485 400 2550 οὐκ
422 2483 456 2564 ἐξ
478 2485 583 2550 άλλου
606 2487 697 2562 τινὸς
719 2483 740 2568 ἦ
763 2469 912 2569 ἀνομίας.
958 2491 1087 2552 οίονται

65 2589 108 2656 δέ
124 2614 213 2668 τινες
230 2602 297 2656 τῶν
317 2590 519 2676 ἀνθρώπων,
541 2592 616 2657 ὅσοι
634 2591 678 2675 μὴ
698 2591 811 2674 ὀρθῶς
829 2591 1085 2677 συμβάλλονται,

66 2697 236 2780 τύραννον
265 2694 299 2775 ἐξ
327 2697 431 2763 άλλου
458 2697 550 2773 τινὸς
577 2697 805 2762 καθίστασθαι
836 2695 892 2762 καὶ
923 2701 1002 2775 τοὺς
1028 2697 1086 2764 άν-

65 2803 228 2885 θρίιπους
251 2805 486 2887 στερίσκεσθαι
509 2810 567 2887 τῆς
590 2801 784 2887 ἐλευθερίας
807 2801 870 2867 ούκ
892 2803 1014 2880 αὐτοὺς
1036 2805 1086 2868 αί·

66 2911 160 2985 τ’ίους
183 2909 293 2991 ὄντας,
318 2907 402 2974 άλλδι
424 2907 626 2993 βιασθέντας
648 2907 714 2973 ὑπὸ
737 2916 799 2972 τοῦ
820 2907 1087 2987 κατασταθέντος
1100 2927 1126 2969 ιι

65 3011 253 3099 τυράύνου,
287 3013 348 3080 οὐκ
378 3015 492 3099 ὀρθῶς
522 3023 626 3080 ταῦτα
653 3016 872 3099 λογιζόμενοι·
905 3015 996 3092 ὅστις
1022 3018 1086 3102 γὰρ

10 3137 53 3178 ³A·
65 3119 197 3204 ἡγεῖται
219 3119 357 3204 βασιλέα
379 3120 400 3206 ἣ
423 3122 592 3206 τύραννον
615 3119 649 3199 ἐξ
672 3122 777 3186 άλλου
799 3121 891 3198 τινὸς
908 3123 1086 3205 γίγνεσθαι

64 3225 86 3311 ἢ
111 3225 145 3306 ἐξ
169 3225 310 3312 άνομίας
328 3249 363 3292 τε
381 3224 437 3292 καὶ
454 3225 656 3309 πλεονεξίας,
680 3229 791 3312 μωρός
813 3226 913 3294 ἐστιν.
950 3227 1085 3294 ἐπειδὰν

10 3349 51 3390 *K
64 3335 130 3416 γάρ
146 3333 289 3410 άπαντες
302 3331 356 3399 ἐπὶ
369 3335 488 3399 κακίαν
500 3334 701 3417 τράπωνται,
720 3335 794 3399 τότε
810 3341 910 3398 τούτο
924 3335 1084 3417 γίγνεται·

109 3557 117 3576 ,
159 3495 241 3559 1099·
260 3486 404 3562 πράγμασι
424 3491 453 3547 et
471 3485 656 3548 καθεστάναι
671 3488 781 3547 Gom:
801 3485 956 3558 πράγματα
974 3489 1009 3538 τε
1021 3488 1113 3535 καθε-

62 3578 170 3616 “qu·
