2430 3848
107 186 171 254 108
519 185 710 242 IAMBLIOHI

120 348 175 430 κζ.
199 351 299 435 Παρὰ
321 352 427 436 θυσίᾳ
450 350 495 434 μὴ
519 349 685 434 ὀνυχίζον.
822 411 825 418 ,

116 454 175 541 κη’.
200 456 325 536 Δεξιολν
348 457 392 540 μὴ
416 453 516 522 παντὶ
540 454 665 542 ῥᾳδίως
689 457 838 539 ἔμβαλλε.

116 561 180 628 κθ’.
204 563 417 650 Στρωμάτων
454 560 600 639 ἀναστὰς
636 561 813 628 συνέλισσε
850 561 934 626 αὐτὰ
970 557 1025 626 καὶ
1061 562 1123 627 τὸν

197 670 303 735 τύπον
326 670 543 753 συνστόρνυε.
734 673 737 677 ’

81 797 94 838 5
122 774 160 842 λ’.
196 777 352 861 Καρδίαν
374 778 419 859 μή
441 784 557 860 τρῶγε.

118 879 178 948 λα’.
199 876 403 966 Ἐμκέφαλον
426 882 469 965 μὴ
494 883 597 948 ἔσθιε.

118 985 179 1071 λβ.
198 982 452 1073 Ἀποκαρμολτωυ
477 998 547 1052 σῶν
569 985 625 1052 καλ
649 985 928 1072 ἀπονυχισμοίτων
949 985 1124 1052 κατοίπτνε.
1139 1003 1192 1044 316]

119 1091 177 1179 λγ’.
196 1092 380 1180 Ἐρυθίνον
402 1095 445 1178 μὴ
469 1093 741 1178 προσλαμβάνον.

118 1197 178 1266 λιλ’.
197 1202 330 1286 Χύτρας
353 1206 444 1284 ίχνος
467 1198 532 1265 ἀπὸ
555 1200 684 1264 σποδοῦ
707 1197 854 1283 ἀφοίνιζ.

71 1326 96 1367 ιο
124 1303 179 1372 λε’.
203 1308 341 1391 Χρυσὸν
364 1306 486 1391 ἐχούσῃ
509 1306 554 1390 μὴ
578 1307 734 1388 πλησίαζε
758 1303 812 1371 ἐπὶ
834 1307 1034 1391 τεκνοποιίᾳ.

119 1409 178 1481 λέ.
201 1414 356 1497 Προτίμα
387 1413 425 1477 τὸ
462 1418 571 1496 σχῆμα
611 1409 667 1476 καλ
703 1414 792 1496 βῆμα
827 1419 889 1477 τοῦ
925 1420 1034 1497 σχῆμα
1069 1408 1127 1476 καλ
1142 1429 1183 1469 1³4

200 1519 395 1603 τριώβολον.

124 1624 179 1703 λζ’.
203 1625 350 1709 Κυοίμων
369 1622 502 1709 ἀπέχου.
828 1704 833 1711 ι

47 1745 50 1750 “
120 1729 179 1815 λη’.
203 1733 366 1816 Μολόχην
389 1730 568 1815 ἔπιφύτευε
591 1729 663 1816 μέν,
687 1732 731 1815 μὴ
756 1732 850 1796 ἔσθιε
874 1729 920 1795 ιλέ.

71 1856 96 1898 ιι
120 1834 185 1903 λθ’.
200 1832 378 1923 Ἐμῶύχων
400 1836 533 1922 ἀπέχου.

203 1949 314 2010 Ταῦτα
347 1945 388 2028 δὴ
420 1945 527 2009 πάντα
558 1954 679 2021 κοινῶς
710 1940 771 2029 μὲν
806 1943 1026 2030 προτρεπτικοί
1058 1941 1130 2008 ἔστι
1143 1959 1185 2000 ³1⁸

111 2052 194 2136 πρὸς
220 2058 330 2115 πᾶσαν
358 2048 494 2133 ἀρετήν,
522 2044 592 2114 κατ’
619 2050 710 2114 ίιλίαν
738 2047 776 2114 (λέ
804 2048 924 2115 ἕκαστα
946 2052 1029 2136 πρὸς
1056 2047 1130 2114 ἐκοί-

112 2174 194 2240 στην
217 2154 352 2240 ἀρετήν·
377 2157 460 2240 πρὸς
483 2153 565 2240 μέρη
589 2178 625 2220 τε
648 2158 851 2241 φιλοσοφίας
873 2153 928 2222 καὶ
951 2157 1131 2241 μαθήσεως

111 2264 195 2328 ἄλλα
227 2263 335 2338 ἄλλως
366 2271 585 2348 προσοικειοῖ,
622 2253 696 2327 οἷον
729 2262 834 2340 εὐθὺς
865 2265 905 2328 τὰ
936 2273 1050 2347 πρῶτα
1083 2264 1131 2338 είς

71 2388 97 2429 20
112 2368 284 2453 εὐσέβειαν
305 2366 361 2433 καλ
383 2369 444 2452 τὴν
467 2370 567 2434 θείαν
591 2367 773 2454 ἐπιστήμην
801 2366 870 2435 ἐστὶ
892 2368 1130 2451 παρακλητικά.

70 2479 96 2536 α’
205 2476 250 2540 Τὸ
274 2476 417 2559 γὰρτίς
441 2474 550 2560 ἱερὸν
573 2474 742 2541 ἀπιόντα
764 2482 1037 2565 προσκυνῆσαι
1060 2496 1131 2557 μη-

113 2579 181 2647 ιλέν
217 2582 311 2645 ἄλλο
348 2578 492 2663 μεταξὺ
524 2582 711 2664 βιωτικὸν
744 2584 840 2665 μήτε
872 2579 1003 2665 λέγειν
1035 2581 1131 2662 μήτε

112 2687 300 2773 πράττειν
322 2696 417 2770 τηρεῖ
437 2687 474 2751 τὸ
493 2692 591 2753 θείον
615 2678 698 2772 ᾖπέρ
722 2686 791 2752 ἔστι
813 2683 892 2753 καθ’
914 2686 995 2753 αὑτὸ
1015 2682 1131 2768 ἀμιγὲς

112 2795 288 2880 ἄχραντον,
312 2797 357 2880 τῶ
380 2814 415 2856 τε
438 2799 577 2881 καθαρῷ
598 2793 636 2857 τὸ
655 2794 807 2878 καθαρὸν
827 2792 929 2871 ἐθίζει
947 2791 1131 2858 συνάπτειν
1145 2810 1192 2851 ere

72 2919 98 2960 ιι
112 2895 168 2964 καλ
189 2910 280 2964 ποιεῖ
301 2895 406 2983 μηδὲν
430 2895 628 2983 ἐφέλκεσθαι
654 2898 718 2963 ἀπὸ
741 2908 808 2963 τῶν
832 2898 1059 2983 ἀνθρωπίνων
1083 2899 1132 2975 είς

203 3061 216 3109 1
236 3057 326 3128 θυσίᾳ
340 3071 367 3123 p.
384 3060 444 3123 121,
458 3060 506 3110 263
524 3056 632 3110 θυσίαν
645 3057 686 3125 114
705 3053 857 3124 συστόρννε
870 3055 920 3109 hic
934 3058 963 3110 et
976 3073 1003 3125 p.
1020 3059 1081 3124 122,
1096 3060 1131 3110 23

114 3127 197 3183 ιταΚ
210 3128 220 3195 ΙΙ
234 3131 250 3181 8
262 3121 414 3194 ἐρυθρῖνον
425 3141 477 3180 ser.
488 3125 521 3194 K,
537 3126 567 3179 et
576 3125 611 3179 ef.
621 3144 649 3196 p.
661 3132 720 3196 124,
732 3132 773 3182 10.
796 3126 919 3193 Ιιολιεοὶι,
932 3124 1043 3181 Ροίλιολ.
1054 3125 1130 3182 Prel.

112 3218 140 3269 p.
151 3204 202 3254 207
212 3215 252 3266 sq.
279 3199 377 3252 contre
385 3195 443 3251 vir.
455 3195 535 3283 Pyth.
546 3202 651 3265 24,109
663 3200 700 3268 (p.
712 3203 755 3264 80,
767 3203 783 3252 6
793 3197 859 3267 Nk.)
871 3198 959 3253 codex
968 3196 1057 3250 habet
1067 3191 1131 3264 ἔρυ-

113 3274 217 3339 θρῑνον
230 3271 240 3337 ΙΙ
255 3273 287 3322 11
300 3284 340 3335 eq.
360 3268 410 3322 τοῦ
430 3285 570 3338 σχηματος
588 3267 638 3322 καλ
655 3266 809 3339 τριωβόλου
827 3284 975 3338 perperam
990 3266 1130 3323 Mulleeh:

114 3342 149 3395 ef.
168 3338 267 3396 Nauck
286 3338 343 3394 vit.
362 3338 445 3408 Pyth.
464 3357 492 3409 p.
513 3343 673 3408 18,11eqq.
692 3339 809 3408 (Goettl.
830 3356 874 3420 op.
894 3356 917 3394 ο.
937 3357 965 3409 p.
984 3343 1038 3394 294
1048 3340 1132 3408 sqq.).

110 3412 202 3466 Proel.
222 3410 252 3464 in
266 3410 344 3464 Euel.
358 3428 387 3480 p.
399 3415 435 3465 84
443 3408 545 3466 Friedl.
560 3411 570 3499 fl
585 3415 616 3466 17
637 3409 669 3465 θλ
689 3410 803 3480 scripsit
821 3409 932 3465 Vrtelli=
951 3405 1006 3479 γὰρ
1020 3411 1029 3478 ΙΙ
1045 3415 1078 3464 17
1089 3426 1131 3478 sq.

96 3477 173 3544 πρός
185 3476 315 3550 ἔκοίττην
328 3479 437 3554 α’ρετήν
452 3481 502 3538 καλ
516 3501 589 3555 προς
605 3479 673 3552 μέρη
686 3483 736 3551 τῆς
750 3482 918 3551 φιλοσοφίας
931 3495 1081 3550 perperam
1090 3478 1132 3552 ΚζΙ

83 3550 124 3596 13
142 3546 174 3600 ῑέ
185 3551 204 3616 ί
215 3553 249 3602 21
271 3569 367 3625 marg.
389 3549 555 3625 ἄνοίπτνξις
574 3555 633 3612 τῶν
650 3551 867 3624 Πυθαγορικῶν
887 3547 1044 3619 repperere.
