2430 3848
143 163 186 228 98
554 160 745 218 IAMBLICHI

143 328 253 391 ἔπειτα
276 324 337 390 οὐκ
360 323 403 390 δν
426 323 514 390 οὕτω
541 325 680 409 άφθονα
703 322 888 406 συναγάγοι
916 323 999 389 ὥστε
1022 324 1067 408 μὴ
1091 323 1161 389 ἐπι-

142 432 269 497 λείπειν
301 431 439 497 διδόντα
472 428 528 496 καί
565 429 796 517 δωρούμενον·
833 423 902 496 είτα
939 429 1021 512 αῦτη
1058 424 1163 508 αὖθις

144 536 282 623 δευτέρα
304 539 403 603 κακία
425 539 661 622 προσγίγνεται
684 537 765 621 μετδι
786 538 848 620 τὴν
867 537 1067 619 συναγωγὴν
1091 546 1161 602 τῶν

74 650 78 659 “
143 643 335 730 χρημάτων,
372 642 432 708 ἐὰν
470 642 505 709 ἐκ
536 644 701 709 πλουσίου
733 641 835 726 πένης
866 640 1003 726 γε’νηται
1034 640 1090 708 καὶ
1123 641 1161 709 ἐκ
1174 664 1205 704 ια

116 747 344 834 τκεκτημένου
367 743 474 833 μηδὲν
497 750 591 834 ἔχων.
631 758 702 826 πῶς
724 746 766 814 δν
790 742 852 815 οὖν
876 749 919 832 δή,
940 771 992 826 τις
1013 751 1057 834 μὴ
1081 752 1160 836 χρή-

143 879 228 940 ματα
259 852 371 939 νέμων
401 853 484 919 άλλδι
515 856 604 942 άλλςο
637 855 679 938 δη
706 877 773 920 τινι
805 857 916 943 τρόπῳ
951 854 1160 940 εὐποιητικὸς

143 960 185 1027 ἀν
208 967 258 1044 εῖη
283 959 486 1047 ἀνθρώπων,
508 957 564 1025 καὶ
586 968 689 1027 ταῦτα
711 961 755 1044 μὴ
779 962 844 1025 σὺν
866 963 965 1049 κακίᾳ
986 959 1071 1027 ἀλλά
1094 965 1161 1029 σὺν

143 1067 256 1154 ἀρετῇς
278 1065 335 1133 καὶ
352 1065 489 1154 προσέτι
508 1066 723 1151 δωρούμενος
739 1076 809 1144 πῶς
827 1064 869 1132 ἀν
888 1066 958 1151 ἔχοι
979 1069 1043 1152 τὴν
1061 1069 1160 1135 δόσιν

143 1171 373 1252 ἀνέκλειπτον;
397 1168 462 1238 ὧδε
486 1166 548 1238 οὖν
570 1172 663 1237 ἔσται
689 1181 804 1256 τοῦτο,
836 1173 868 1238 εί
891 1182 962 1250 τοῖς
984 1175 1102 1259 νόμοις
1124 1197 1160 1241 τε

104 1301 129 1341 10
142 1279 197 1346 καί
223 1288 270 1370 τῷ
299 1281 417 1367 δικαίῳ
440 1279 648 1365 ἐπικουροίη·
679 1286 779 1344 τοῦτο
806 1279 870 1365 γὰρ
897 1278 956 1356 τάς
981 1281 1032 1345 τε
1045 1283 1160 1359 πόλεις

141 1384 197 1452 καὶ
227 1388 307 1462 τοὺς
334 1384 537 1470 ἀνθρώπους
567 1385 605 1448 τὸ
639 1387 829 1464 συνοικίξον
860 1382 916 1451 καὶ
945 1387 983 1450 τὸ
1013 1385 1160 1472 συνέχον

143 1487 238 1558 είναι.
283 1492 384 1556 πάλιν
408 1485 471 1556 οὖν
497 1487 552 1556 καί
580 1489 616 1555 ἐκ
642 1491 764 1556 τούτου
791 1492 832 1555 τά
859 1490 944 1556 αὐτὰ
967 1496 1159 1577 συμβαίνει·

142 1599 174 1664 εί
203 1599 267 1682 γάρ
298 1599 361 1682 τὴν
392 1596 502 1683 ὀρθὴν
534 1604 655 1683 χρῆσιν
685 1595 818 1662 πάντων
849 1607 918 1663 τῶν
947 1598 985 1664 ἐν
1013 1606 1060 1687 τῷ
1092 1603 1157 1689 βίφ
1170 1617 1205 1660 ια

142 1705 344 1790 πραγμάτων
370 1701 426 1770 καί
453 1703 515 1787 τὴν
544 1711 604 1768 τοῦ
632 1711 695 1769 νοῦ
723 1704 887 1788 διανομὴν
914 1703 959 1788 ἣν
990 1709 1160 1790 καλοῦμεν

103 1830 129 1870 15
143 1814 248 1895 νόμον
283 1811 467 1894 φιλοσοφία
498 1810 708 1893 παραδίδωσι
744 1813 903 1894 γνησίως,
940 1808 1043 1878 οὐδὲν
1076 1813 1159 1879 ἀλλο

143 1919 197 1982 δεῖ
211 1916 367 2004 πράττειν
385 1915 405 1999 ἢ
425 1921 627 2000 φιλοσοφεῖν
646 1913 819 2000 ἀληθινῶς
831 1919 911 1994 τοὺς
929 1917 1159 2003 βουλομένους

142 2032 200 2107 τῆς
221 2023 427 2105 τελειοτάτης
451 2025 532 2105 ζωῆς
555 2021 826 2107 μεταλαμβάνειν.
872 2021 928 2089 καὶ
951 2024 1019 2108 μὴν
1041 2023 1158 2111 ἐγκρα-

142 2127 299 2194 τέστατάν
319 2152 357 2212 γε
379 2130 432 2193 δεῖ
453 2123 540 2194 είναι
561 2128 669 2193 πάντα
696 2129 804 2216 ἀνδρα
827 2131 1069 2217 διαφερόντως·
1092 2155 1160 2198 τοι-

143 2244 241 2312 οῦτος
264 2228 294 2299 δ’
322 2232 364 2300 ἀν
387 2234 544 2320 μάλιστα,
573 2239 607 2300 εί
624 2257 675 2312 τις
696 2246 764 2301 τῶν
790 2238 968 2323 χρημάτων
995 2240 1160 2322 κρείσσων

103 2360 130 2400 ιο
144 2347 194 2425 είη
230 2343 313 2429 πρὸς
350 2339 371 2406 δ
406 2342 527 2418 πάντες
563 2342 834 2427 διαφθείρονται,
869 2341 925 2408 καὶ
960 2353 1026 2428 τῆς·
1052 2353 1160 2430 ψυχῆς

143 2446 283 2533 ἀφειδὴς
306 2445 359 2514 ἐπὶ
381 2459 451 2526 τοῖς
474 2449 616 2525 δικαίοις
638 2446 853 2527 ἐσπουδακὼς
874 2447 930 2514 καὶ
952 2450 1013 2533 τὴν
1037 2449 1159 2536 ἀρετὴν

143 2554 370 2635 μεταδιώκων·
393 2555 476 2638 πρὸς
493 2563 597 2619 ταῦτα
618 2555 683 2639 γάρ
703 2554 765 2620 δύο
785 2554 821 2619 οί
840 2560 989 2622 πλεῖστοι
1007 2554 1160 2639 ἀκρατεῖς

143 2661 216 2724 είσι.
263 2659 318 2723 διδι
344 2665 498 2724 τοιοῦτον
528 2656 567 2723 δέ
591 2682 624 2724 τι
650 2669 753 2725 ταῦτα
780 2659 980 2746 πάσχουσιν·
1011 2668 1158 2746 φιλοψα

142 2773 240 2850 χοῦσι
271 2761 347 2850 μέν,
380 2764 431 2828 ὅτι
462 2767 595 2845 ’[τοῦτο
627 2763 648 2849 ἢ
680 2768 744 2849 ζωή
773 2765 863 2831 ἐστιν
893 2766 915 2850 ἢ
942 2769 1047 2853 φυγή·
1080 2770 1159 2835 ταύ-

102 2889 128 2931 εο
142 2894 201 2955 της
228 2866 290 2936 οὖν
318 2871 492 2954 φείδονται
525 2868 579 2936 καί
611 2878 780 2938 ποθοῦσιν
813 2871 917 2956 αὐτὴν
951 2874 1007 2938 διά
1040 2877 1159 2958 φιλίαν

141 2985 199 3060 τῆς
223 2981 305 3060 ζωῆς
326 2974 382 3042 καὶ
406 2979 591 3060 συνήθειαν
618 2968 640 3063 ᾖ
665 2977 921 3064 συντρέφονται·
952 2984 1158 3066 φιλοχρημα-
1172 2996 1205 3038 121

141 3091 239 3148 τοῦσι
270 3079 307 3146 δὲ
340 3083 447 3146 τῶνδε
479 3083 603 3166 εἵνεκα,
636 3083 719 3171 ἅπερ
752 3087 854 3168 φοβεῖ
883 3084 1014 3162 αὐτούς.
1059 3089 1096 3151 τί
1125 3081 1157 3150 δ’

144 3225 357 3236 ...Μ

232 3316 248 3364 6
262 3301 297 3364 εὖ
311 3311 479 3379 ποιητικοςῃ
495 3315 527 3364 19
541 3307 660 3378 μάλιστα
674 3312 719 3380 είη
733 3311 845 3399 scripsi}
853 3311 887 3378 K,
903 3313 934 3367 οῖ
947 3312 981 3368 ολ.
993 3312 1111 3368 Kflhner
1119 3311 1160 3366 11¹

136 3400 168 3505 φ.
188 3387 253 3472 ετ..
267 3397 362 3463 ωτωι
375 3379 507 3462 ῑηξιεφ.
522 3387 565 3448 οε,
580 3384 625 3451 22)
643 3375 681 3437 λι
699 3399 751 3469 prq
769 3377 806 3438 ἂν
824 3385 884 3470 ηις
903 3388 938 3471 ²:¹²
957 3377 1081 3471 10125163‘1
1102 3382 1159 3469 ςωη

124 3450 537 3586 ιλῖλάίῖίλέῗλδῗλλί
551 3452 925 3595 ίοξδιῗίιῖοάῖλλςλῖωη
945 3449 1021 3510 ‘⁶²⁸⁹
1042 3474 1060 3523 '²
1079 3464 1159 3524 ’Μ’
