2430 3848
109 186 152 250 20
523 185 712 240 IAMBLICHI

108 351 238 431 θεωρὸς
268 347 421 431 ὑπάρχει,
450 345 505 411 καὶ
533 349 617 431 πρὸς
645 357 743 412 τοῦτο
772 347 888 431 γέγονε
916 347 971 414 καὶ
999 350 1129 434 όρμανα

109 454 164 521 καὶ
193 454 351 538 δυνάμεις
380 459 494 537 είληφε
522 455 611 540 παρὰ
638 464 698 519 τοῦ
731 461 824 519 θεοῦ.
871 456 926 519 διὰ
953 463 1056 519 ταῦτα
1086 455 1127 539 δὴ

110 562 209 626 πόλιν
232 558 307 645 περλ
332 569 400 625 πᾶν
422 561 459 625 τὸ
484 561 538 643 όν,
566 551 587 645 ᾖ
612 562 667 644 όν,
698 569 755 644 τῆς
777 566 983 646 θεωρητικῆς
1006 563 1128 643 σοφίας

111 668 265 752 ἐφίεσθαι
294 667 397 732 αὐτὸν
426 669 504 752 χρη,
533 665 669 743 καὶτὰς
697 667 798 753 ἀρχὰς
825 666 880 733 καὶ
907 670 947 732 τὰ
974 669 1128 753 κριτήρια
1144 687 1168 726 1⁷
1177 686 1201 724 Δ,

84 775 217 858 τπύσης
244 775 400 857 γνώσεως
432 779 589 857 μεταθεῖν
621 774 880 858 ἐπιστημονικῶς
912 772 987 858 περὶ
1020 774 1128 840 πάντα

110 880 252 964 τὰγένη
276 891 343 944 τῶν
367 881 489 944 όντων·
523 879 626 944 αὐτόν
653 881 771 945 κετὸν
794 888 879 944 νοῦν
901 877 979 944 καθ’
1008 877 1128 944 ἑαυτὸν

110 986 247 1052 καὶτὸν
271 987 514 1072 καθαρώτατον
537 988 639 1069 λόγον
663 985 914 1050 ἐπισκοπεῖσθαι
939 984 1045 1064 ἄξιον·
1072 983 1128 1050 καὶ

112 1093 188 1157 ὅσαι
220 1089 275 1157 ἀπ’
312 1092 419 1158 αὐτοῦ
456 1090 553 1176 ἀρχαὶ
586 1091 775 1156 ἐνὸίὸονται
806 1093 853 1167 είς
884 1093 924 1156 τὰ
956 1093 1040 1156 καλὰ
1072 1090 1128 1156 καὶ

111 1199 223 1282 ἀγαθὰ
249 1208 310 1265 τοῦ
344 1199 563 1283 ἀνθρωπίνου
591 1201 683 1282 βίον,
716 1196 771 1264 καὶ
803 1199 865 1263 ὅσα
896 1195 972 1282 περὶ
1000 1196 1128 1280 ἀρετῶν

71 1326 97 1364 10
112 1305 365 1390 ἐπιλογιζόμεθα
395 1307 561 1387 καθόλου,
594 1303 648 1368 καὶ
677 1304 738 1369 ὅσα
769 1303 844 1388 περὶ
872 1304 1079 1389 μαθημάτων
1106 1303 1128 1387 ἢ

112 1414 221 1476 ἄλλων
253 1421 355 1475 τινῶν
391 1421 517 1494 τεχνῶν
545 1409 566 1492 ἢ
598 1409 865 1493 ἐπιτηδευμάτων
897 1411 1127 1494 μανθάνομεν,

111 1520 270 1602 προσήκει
299 1516 483 1602 προθύμως
506 1514 800 1581 ἀναδιδάσκεσθαι.
843 1513 898 1580 καὶ
928 1516 1015 1582 ούτω
1042 1518 1201 1601 πρὸςωιτ.

112 1625 194 1708 ὅλην
230 1625 291 1708 την
324 1625 531 1708 φιλοσοφίαν
565 1620 621 1688 καὶ
652 1622 672 1705 η
707 1622 770 1688 ἀπὸ
808 1631 866 1705 τῆς
902 1624 1035 1707 φύσεως
1066 1631 1128 1688 τοῦ

115 1730 298 1815 ἀνθρώπου
322 1729 497 1816 ὁρμωμένη
521 1727 638 1812 γέγονε
661 1730 873 1812 παράκλησις.

73 1855 98 1896 τε
201 1842 354 1902 Ποιεῖται
366 1833 401 1902 δὲ
411 1835 465 1902 καὶ
479 1837 583 1918 ἄλλην
598 1836 781 1919 σύμμικτον
793 1836 918 1919 ἔφοδον
933 1833 985 1900 ἐπὶ
994 1835 1034 1899 τὰ
1043 1834 1128 1899 αὐτὰ

112 1942 365 2029 προτρέπουσαν
384 1937 452 2006 ὧθέ
467 1960 548 2016 πως·
573 1940 732 2024 “μέγουε
751 1939 815 2006 καὶ
834 1938 1003 2006 συνέστα
1023 1940 1041 2006 ό
1060 1942 1127 2005 ἄν-

111 2056 271 2135 θρωπος
293 2049 411 2113 ποττὸ
436 2054 640 2133 θεωρῆσαι
664 2049 732 2112 τὸν
755 2050 875 2130 λόγον
898 2049 964 2124 τὰς
982 2057 1031 2112 τῶ
1051 2047 1128 2112 ύλω

113 2155 271 2239 φύσιος·
293 2152 357 2220 καὶ
376 2163 443 2230 τᾶς
462 2149 676 2242 σοφίαςηῶν
695 2156 812 2239 ἔργον
832 2154 1043 2237 (κτᾶσθαι)
1063 2151 1128 2218 καὶ

112 2257 265 2346 θεωρὲν
287 2263 360 2325 τὰν
383 2272 460 2326 τῶν
485 2260 632 2326 ἐόντων
655 2260 880 2346 φρύνασιν.’
918 2260 997 2344 ὃόη
1017 2283 1128 2344 φαμεν

74 2385 102 2425 2⁰
119 2367 156 2432 ἐν
179 2368 308 2444 τούτοις
331 2368 527 2452 σύμμικτον,
551 2366 657 2433 ἐκεῖνό
677 2368 759 2432 ἐστι’
783 2374 821 2451 τῇ
845 2367 908 2449 γὰρ
933 2366 1002 2452 ίόίηι
1026 2367 1128 2449 φύσει

117 2474 178 2557 τὴν
200 2474 318 2557 κοινὴν
343 2473 575 2560 συνεκέρασεν,
600 2474 645 2549 ὡς
668 2472 816 2557 ἐχουσῶν
837 2473 966 2538 τούτων
990 2489 1128 2556 συμφω-

112 2581 191 2644 νίαυ
213 2581 296 2666 πρὸς
319 2579 469 2663 ἀλλήλας.
512 2581 543 2644 εί
564 2580 627 2664 γὰρ
647 2581 718 2643 ὅτε
738 2581 836 2662 λόγος
857 2587 919 2642 τοῦ
943 2577 1128 2663 ἀνθρώπου

113 2688 319 2772 θεωρητικός
347 2684 436 2750 ἐστιν
464 2684 501 2750 ἐν
528 2692 573 2772 τῷ
602 2687 690 2771 λόγῳ
718 2693 784 2760 τᾶς
811 2696 860 2748 τῶ
885 2685 959 2750 ὅλω
984 2685 1133 2768 φύσιος,

114 2791 170 2857 καὶ
196 2794 216 2876 ἡ
245 2796 348 2878 σοφία
376 2800 437 2857 τοῦ
465 2791 649 2878 ἀνθρώπου
680 2800 795 2857 κτᾶται
826 2789 881 2856 καὶ
912 2796 1038 2875 θεωρεῖ
1057 2790 1129 2855 τὰν

75 2916 102 2957 ω
115 2909 191 2964 τῶν
223 2900 368 2964 ἐόντων
401 2901 616 2983 φρόνασιν,
649 2897 733 2983 ὁμοῦ
765 2895 826 2982 μὲν
854 2896 1015 2981 ὁμολογία
1042 2891 1129 2962 οὖσα

116 3003 345 3070 ἀποδέδεικται
381 3014 438 3088 τῆς
471 3014 624 3091 μεριστῆς
655 3014 716 3070 τοῦ
752 3008 855 3087 λόγου
886 3002 941 3069 καὶ
977 3012 1036 3088 τῆς
1066 3012 1129 3068 τοῦ
1143 2985 1201 3080 ῗξῖ

116 3110 198 3176 όλου
220 3119 339 3197 νοερᾶς
362 3112 503 3194 φύσεως,
529 3111 614 3196 ὁμοῦ
638 3107 675 3176 δὲ
697 3108 752 3175 καὶ
775 3110 795 3194 ἡ
819 3111 989 3195 προτροπὴ
1012 3114 1131 3174 τελεω-

207 3308 248 3359 16,
265 3309 298 3358 19
317 3300 416 3373 γέγονε
428 3299 611 3372 -φρόνασιν
630 3303 789 3358 Perictione
808 3319 853 3371 ap.
873 3301 950 3357 θοοὶ).
969 3302 1043 3357 Flor.
1058 3303 1071 3356 Ι
1086 3309 1130 3358 62.

196 3487 217 3532 8
232 3477 322 3548 ὁρμαί
340 3480 437 3536 Vitem
444 3483 457 3552 ,λ
471 3487 504 3538 18
519 3483 622 3550 σοφίας
636 3472 676 3535 οἷν
691 3479 850 3550 scripsitK:
866 3481 980 3548 σοφίας·
995 3471 1130 3551 &vunni-
1175 3457 1181 3464 .

86 3546 163 3597 σθαι
179 3549 300 3605 addidit
316 3553 348 3606 K
354 3555 372 3624 ll
384 3559 420 3610 19
439 3551 558 3627 θέωρεν
572 3555 581 3627 ΙΙ
595 3559 632 3610 23
651 3554 689 3610 τῶ
710 3547 766 3609 ὅλω
785 3551 870 3608 (πόλει
887 3552 926 3605 τῖο
942 3547 1026 3620 λόηω.
