2430 3848
123 183 165 246 74
529 179 721 237 IAMBLICHI

121 346 204 411 ἀλλά
222 353 267 432 τῷ
287 346 359 410 όντι
378 349 485 426 γελῶν
500 345 639 428 ἔνδηλος
655 346 853 428 γιγνόμενος
870 344 1025 429 ληρώδης
1044 343 1140 408 δοκεῖ
1150 361 1207 403 αττ

121 447 217 518 είναι.
261 452 430 537 τύραννόν
461 474 496 516 τε
532 452 595 536 γάρ
627 450 648 535 ἦ
681 449 818 535 βασιλέα
850 450 1138 534 ἐγκωμιαζόμενον

122 558 181 623 ἕνα
203 569 271 623 τῶν
290 557 421 642 νομέων
444 549 518 622 οἷον
542 559 696 642 συβώτην
715 557 735 642 ἢ
754 556 896 642 ποιμένα
918 559 939 641 η
962 579 1038 621 τινα
1056 559 1138 640 βου-

121 667 223 730 κόλον
242 664 377 748 ’ἡγεῖται
410 663 545 729 ἀκούειν
572 664 887 748 εύδαιμονιζόμενον
915 665 1003 728 πολὺ
1035 663 1138 746 βδάλ-

93 778 224 837 ελοντα
246 772 347 854 γάλα,
376 770 626 856 δυσκολώτερον
652 767 688 836 δὲ
717 770 853 836 ἐκείνων
878 773 962 858 ζῷον
984 767 1040 835 καὶ
1067 768 1137 835 ἐπι-

122 880 324 960 βουλύτερον
343 878 533 960 ποιμαίνειν
550 900 585 940 τε
603 873 658 940 καὶ
681 875 839 959 βδάλλειν
857 877 983 960 νομίζει
1001 876 1136 959 αὐτούς,

123 984 281 1069 ἀγροῖκον
301 978 338 1048 δὲ
360 981 416 1047 καὶ
434 981 636 1048 ἀπαίδευτον
653 982 719 1048 ὑπὸ
738 982 894 1067 ἀσχολίας
916 979 1017 1047 οὐδὲν
1035 977 1137 1066 ἦττον
1150 1001 1207 1043 οτι

122 1102 190 1156 τών
213 1089 343 1174 νομέων
362 1090 421 1154 τὸν
439 1097 594 1154 τοιοῦτον
613 1089 796 1172 ἀναγκαῖον
818 1091 1008 1172 γίγνεσθαι,
1032 1090 1137 1173 σηκὸν

122 1197 160 1263 έν
183 1199 254 1283 ύρει
276 1198 313 1261 τὸ
336 1206 444 1280 τεῖχος
466 1193 757 1280 περιβεβλημένον.
798 1205 860 1280 γης
879 1191 953 1260 W
935 1218 1015 1260 οταν
1034 1197 1173 1281 μυρία

82 1326 109 1366 ιο
122 1302 253 1389 πλέθρα
280 1303 347 1387 δέ
344 1326 376 1366 τι
329 1304 505 1367 ἐπλείω
534 1301 659 1387 ἀκούση
689 1301 733 1378 ὥς
759 1325 809 1379 τις
841 1303 906 1387 ἀρα
937 1300 1137 1385 κεκτημένος

122 1411 301 1493 θαυμαστά
323 1411 445 1491 πληδει
472 1406 639 1491 κέκτηται,
662 1407 851 1493 πάνσμικρα
874 1407 1006 1472 δοκεῖ’
953 1409 1136 1491 λακούειν,

123 1517 170 1592 είς
193 1515 324 1579 δίκασαν
348 1515 476 1591 είωδὼς
500 1515 560 1598 την
582 1523 647 1598 γῆν
670 1512 813 1598 βλέπειν.
859 1516 899 1578 τά
928 1510 964 1578 δέ
988 1516 1030 1598 δὴ
1053 1512 1136 1598 γένη

122 1622 337 1706 ὑμνούντων,
360 1622 404 1698 ὡς
427 1623 581 1704 γενναϊός
603 1645 653 1698 τις
676 1619 755 1686 έπτά
777 1621 931 1698 πάππους
953 1623 1138 1698 πλουσίους
1187 1606 1190 1610 ’

123 1731 207 1814 ἔχων
236 1728 421 1814 ἀποφῆναι,
454 1729 664 1793 παντάπασιν
692 1727 800 1812 ἀμβλὺ
828 1725 883 1792 καὶ
910 1725 963 1792 ἐπὶ
995 1729 1137 1813 σμικρὸν

80 1856 109 1898 15
124 1835 281 1922 ὁρώντων
313 1834 440 1919 ἡγεῖται
471 1835 531 1899 τὸν
561 1836 715 1917 ἔπαινον,
749 1833 813 1898 ὑπὸ
846 1831 1063 1911 ἀπαιδευσίας
1096 1833 1137 1899 οὐ

123 1940 323 2026 δυναμένων
354 1942 402 2017 είς
430 1942 468 2005 τὸ
500 1949 567 2005 πᾶν
595 1937 646 2005 ἀεὶ
673 1940 807 2023 βλέπειν
838 1937 917 2005 οὐδὲ
945 1942 1137 2024 λογίζεσθαι

123 2051 174 2114 ὅτι
197 2048 339 2113 πάππων
358 2043 413 2111 καί
434 2049 613 2130 προγόνων
631 2047 790 2135 μυρτίδες
813 2044 938 2132 ἑκάστῳ
956 2048 1137 2128 γεγόνασιν

123 2154 358 2238 ἀναρίθμητοι,
382 2143 491 2242 ἐνίαῖς
512 2153 668 2216 πλούσιοι
690 2149 745 2216 καὶ
763 2149 888 2236 πτωχοὶ
910 2149 964 2216 καὶ
988 2154 1136 2235 βασιλεῖς
1150 2167 1207 2210 21⁸1

123 2258 178 2324 καὶ
202 2261 319 2324 δοῦλοι
341 2258 508 2344 βάρβαροί
527 2282 563 2323 τε
585 2257 641 2323 καὶ
660 2256 819 2342 Ἕλληνες
841 2258 998 2335 πολλάκις
1021 2261 1136 2343 μυρίοι

80 2389 110 2429 το
124 2370 303 2451 γεγόνασιν
331 2366 476 2454 ὁτῳοῦν,
510 2361 581 2430 ἀλλ’
613 2364 666 2431 ἐπὶ
697 2363 795 2431 πέντε
822 2363 877 2430 καὶ
904 2371 1009 2430 είκοσι
1038 2388 1136 2430 κατα-

123 2477 212 2561 λόγῳ
240 2475 417 2556 προγόνων
444 2470 702 2556 σεμνυνομένων
731 2468 787 2536 καὶ
816 2470 1056 2557 ἀναφερόντων
1088 2473 1136 2548 είς

120 2576 284 2663 Ἡρακλέα
301 2579 361 2642 τὸν
375 2575 625 2663 Ἀμφιτρύωνος
643 2577 770 2660 <ἀτοπα
788 2577 877 2665 αὐτῷ
896 2580 1138 2662 παταφαίνεται

124 2693 182 2768 τῆς
205 2687 454 2769 σμικρολογίας,
482 2683 534 2748 ὅτι
557 2681 593 2748 δέ
617 2683 635 2749 ὁ
659 2678 714 2748 ἀπ’
737 2681 1008 2770 Ἀμφιτρύωνος>
1030 2686 1077 2761 είς
1099 2686 1137 2749 τὸ

125 2793 194 2857 ἀνω
224 2790 568 2875 <πεντεκαιεικοστὸς>
600 2799 751 2867 τοιοῦτος
779 2785 822 2874 ἦν
852 2791 906 2855 οἵα
938 2789 1138 2874 συνέβαινεν

83 2919 111 2961 ετ
126 2898 214 2985 αὐτῷ
243 2898 340 2982 τύχη,
373 2895 428 2962 καὶ
456 2896 473 2962 ὁ
501 2898 722 2980 πεντηκοστὸς
749 2892 804 2962 ἀπ’
835 2897 953 2981 αὐτοῦ,
987 2901 1067 2983 γελᾷ
1096 2896 1138 2962 οὐ

126 3003 322 3089 δυναμένων
337 3004 531 3088 λογίζεσθαί
543 3025 579 3067 τε
592 3000 648 3068 καὶ
661 3005 849 3087 χαυνότητα
867 3002 1013 3086 ἀνοητου
1029 3011 1139 3088 ψυχῆς
1152 3017 1207 3060 88Δ

126 3110 351 3176 ἀπαλλάττειν.
397 3109 434 3175 έν
467 3109 569 3174 άπασι
602 3108 643 3192 δη
675 3109 806 3185 τούτοις
838 3108 856 3173 ὁ
889 3118 1041 3186 τοιοῦτος
1072 3108 1138 3174 ὑπὸ

125 3229 192 3283 τῶν
218 3222 352 3282 πολλῶν
379 3220 612 3298 καταγελᾶται,
638 3216 679 3279 τά
706 3211 767 3299 μὲν
789 3215 1012 3300 ὑπερηφάνως
1040 3218 1137 3300 ἔχων,

124 3344 338 3353 ——-—-

215 3417 230 3464 3
255 3406 381 3497 συβώτην
404 3407 465 3462 PK:
488 3408 545 3462 τών
568 3407 700 3496 συβωτῶν
718 3408 727 3475 ΙΙ
748 3413 777 3460 11
802 3407 908 3477 πλήθει
930 3407 991 3462 PA:
1014 3403 1111 3493 πλήθη
1130 3408 1140 3478 Ιχ

115 3488 207 3600 {ads}
201 3549 220 3602 ‘t
228 3476 353 3603 Ἑσρώμ
332 3500 427 3536 ατοπα
437 3510 470 3520 -
478 3473 685 3550 Ἀμφιτρυωνος
701 3488 730 3532 et
744 3485 779 3532 24
793 3475 1055 3541 πεντεκαιεικοοτός
1069 3495 1103 3534 ex
1117 3479 1140 3533 P

99 3563 117 3597 α
160 3566 172 3600 ι
191 3566 203 3600 ι
