2430 3848
108 185 149 249 12
495 170 710 244 ‘uuuucffl

190 345 238 412 ‘H
252 345 289 414 δὲ
308 351 388 434 μετά
406 350 531 434 ταύτην
544 351 660 435 γνώμη
680 353 727 428 είς
741 352 964 436 φυσιολογίαν
983 359 1127 414 ποιεῖται

106 454 168 536 τὴν
182 454 389 540 παράκλησιν
411 453 466 521 καλ
484 467 596 522 πᾶσαν
615 458 677 541 τήν
695 455 770 544 περὶ
793 458 852 522 τὸν
873 456 1020 541 οὐρανὸν
1038 461 1126 520 θεῶ-

108 564 193 645 ρίαν.
238 560 259 644 ή
285 563 348 648 γάρ
371 563 494 628 τούτου
517 565 619 647 φύσις
642 563 696 629 άεί
717 563 807 636 ἐστιν
831 563 929 647 ὁμοία
956 562 1039 626 κατὰ
1063 564 1126 646 τήν

108 667 213 751 αὐτήν
231 671 419 754 περιφοράν
439 669 595 746 ὡσαύτως
613 678 786 757 περιοῦσα,
808 669 851 753 ἣν
876 669 933 735 ἐάν
957 693 1006 746 τις
1028 692 1127 734 κατα-

80 774 211 859 τμάθρ,
236 770 306 838 οὔτ’
334 772 375 838 δν
399 773 631 858 ἀπροσδόκητοί
653 798 732 841 ποτε
755 776 1028 861 προσδοκήσειεν,
1052 769 1124 840 οὔτ’

108 878 150 944 διν
180 877 357 963 άγνοήσειέ
386 903 418 944 τι
446 892 512 945 τῶν
540 877 612 947 κατ’
639 881 787 965 άνάγκήν
816 881 903 968 αὐτῷ
932 883 1124 964 μελλόντων
1138 903 1151 942 ε
1165 899 1191 941 Α,

108 989 315 1071 συμβαίνειν.
993 1046 997 1053 ,

197 1094 246 1157 Ac
272 1090 309 1159 δὲ
336 1091 389 1159 ἐπὶ
412 1094 543 1171 τούτοις
570 1105 699 1179 γνῶμαι
722 1094 785 1160 ἀπὸ
809 1103 866 1178 τής
893 1103 1128 1180 προαιρετικής

109 1199 145 1265 ἐν
169 1200 249 1283 ἡμῖν
273 1203 356 1284 ζωής
378 1209 554 1266 ποιοῦνται
576 1203 638 1285 τήν
660 1201 883 1288 παράκλησιν,
908 1192 982 1268 οἷον

67 1346 95 1385 10
153 1324 266 1408 γνῶσρ
291 1319 322 1388 δ’
349 1323 552 1409 ἀνθρώπους
575 1325 758 1411 αὐθαίρετα
781 1322 903 1409 πήματ’
931 1328 1067 1410 ἔχοντας

154 1432 327 1513 τλήμονας.
1068 1508 1073 1516 Ι

110 1555 141 1618 εί
166 1555 229 1638 γὰρ
258 1552 356 1639 άρχαλ
386 1565 455 1620 τῶν
481 1553 633 1639 πράξεών
662 1557 748 1621 εἰσιν
780 1555 816 1620 οί
844 1556 1036 1641 άνθρῶποι,
1068 1553 1125 1620 καὶ
1139 1577 1193 1618 εον

110 1660 256 1743 δύναμιν
284 1662 418 1744 ἔχουσιν
447 1660 480 1739 ἐξ
508 1660 637 1726 ἑαυτῶν
668 1665 794 1727 οἰκείαν
822 1664 870 1738 είς
902 1662 1031 1746 αἵρεσιν
1058 1672 1126 1726 τῶν

109 1765 250 1849 ἀγαθῶν
271 1765 328 1832 καὶ
351 1769 465 1853 φυγὴν
488 1779 555 1834 τῶν
578 1779 701 1851 κακῶν,
726 1768 743 1833 ὁ
767 1770 811 1853 μή
835 1767 1004 1854 χρώμενος
1022 1768 1126 1853 ταύτῃ

69 1893 96 1934 15
110 1882 149 1958 τή
178 1875 318 1958 δυνάμει
345 1886 413 1940 τῶν
446 1875 620 1941 δοθέντων
651 1874 688 1940 ἐκ
719 1876 852 1958 φύσεως
888 1874 977 1963 αύτῷ
1009 1880 1128 1940 πλεον-

109 1981 299 2064 εκτημάτων
331 1978 422 2046 ἐστὶν
453 1980 595 2060 ἀνάξιος.
642 1977 743 2047 οὐδὲν
776 1975 839 2046 οὖν
871 1982 952 2046 άλλο
985 1980 1073 2065 λέγει
1105 1981 1126 2066 ή

62 2106 67 2117 ’
108 2095 219 2168 τοῦτο,
241 2087 292 2151 ὅτι
309 2086 404 2170 ἡμεῖς
421 2088 480 2151 τὸν
500 2088 643 2172 δαίμονα
663 2088 862 2173 αἱρούμεθα,
885 2085 941 2152 καλ
959 2087 1011 2152 ὅτι
1029 2086 1128 2152 αύτολ

110 2191 240 2268 ἑαυτοῖς
267 2192 366 2278 ἐσμεν
394 2192 431 2257 ἐν
461 2194 561 2278 τύχης
588 2193 677 2272 τάξει
703 2192 760 2259 καλ
789 2196 962 2278 δαίμονος,
991 2190 1048 2258 καλ
1075 2194 1127 2259 ὅτι

110 2299 311 2384 εὐδαίμονας
345 2297 441 2364 αὐτοὶ
474 2299 612 2377 ἑαυτοὺς
651 2301 955 2386 παρασκευάζομεν·
993 2300 1011 2365 ὃ
1043 2300 1127 2386 πρὸς

67 2426 97 2465 20
111 2410 217 2490 μόνον
239 2408 277 2472 τὸ
304 2408 408 2472 καλὸν
430 2405 608 2494 προτρέπει
635 2405 691 2472 καὶ
720 2408 782 2491 τήν
804 2407 927 2472 τούτου
953 2407 1054 2490 τιμήν
1078 2403 1123 2471 δι’

112 2512 208 2579 ἑαυτὸ
232 2514 367 2598 αἱρετήν
390 2512 604 2578 ἐπιδείκνυσι.

200 2619 422 2702 Παραπλήσια
446 2615 484 2683 δὲ
505 2619 613 2705 τούτῳ
636 2616 691 2683 καὶ
713 2619 754 2682 τά
776 2618 913 2684 τοιαῦτά
936 2619 1041 2685 ἐστιν·

110 2745 324 2754 ——--.---—

201 2816 234 2864 10
245 2826 284 2879 sq.
300 2810 390 2882 Carnu.
405 2808 470 2864 Aur.
484 2828 528 2864 vv.
540 2816 574 2864 54
584 2828 624 2880 sq.

201 2992 217 3039 4
240 2987 390 3053 περιιοῦσα
414 2985 450 3039 A:
480 2987 647 3056 περιιοῦσαν
675 2988 720 3053 (cf.
744 2987 817 3041 Plau.
841 2988 956 3044 Theaet.
980 3008 1007 3058 p.
1028 2994 1079 3043 153
1095 2989 1127 3060 0)

110 3057 349 3111 Hemstcrhusius:
369 3058 416 3112 vel
429 3057 483 3112 hoc
496 3060 541 3112 vel
555 3057 647 3130 <καλ>
660 3055 733 3112 κατὰ
748 3060 890 3128 scripserit
899 3059 932 3115 Κ.
961 3061 1128 3115 servandum

111 3129 177 3182 duxi
197 3127 313 3182 atticam
332 3128 411 3183 verbi
429 3127 569 3197 περιίέναι
588 3128 721 3183 formum:
742 3132 776 3184 cf.
794 3129 911 3185 Vcemel
930 3132 966 3186 ud
980 3131 1125 3187 Demosth.

112 3198 151 3252 IV
169 3204 201 3253 10
221 3199 318 3267 (Thuc.
335 3204 359 3266 1,
374 3204 416 3265 30,
432 3205 456 3254 3.
480 3199 549 3254 ch.
569 3199 642 3256 Hell.
662 3206 690 3268 3,
705 3206 730 3268 2,
745 3202 800 3269 κδ),
820 3200 956 3270 Epicurus
975 3220 1020 3271 up.
1044 3203 1077 3257 D.
1097 3201 1127 3256 L.

112 3269 138 3323 X
154 3275 205 3324 114
219 3270 345 3338 (Usener,
365 3270 476 3339 Epicur.
491 3289 519 3340 p.
533 3276 577 3338 53,
594 3275 646 3340 17),
666 3272 696 3325 et
709 3270 880 3326 comicorum
897 3271 953 3326 loci
966 3290 1037 3341 quos
1052 3290 1128 3328 com-

112 3339 320 3429 gosuit'lacobi
339 3341 367 3395 in
386 3341 481 3429 Indicu
499 3342 566 3430 dict.
586 3358 657 3398 com.
672 3360 699 3411 p.
715 3347 767 3397 832
787 3359 808 3398 ε.
822 3346 991 3429 μιπερίειμι
1004 3346 1043 3414 ub
1064 3339 1127 3427 οὔτ’

112 3411 627 3552 3:115?ssssOEss¹3ssfflnffha⁰ssu12hssss
650 3411 867 3540 ῗέλίάίλλλ
885 3413 1129 3555 λῗλίλέδέἒίἓῖ

111 3550 172 3608 τίν’
193 3554 242 3622 ΚΙΙ
256 3549 373 3623 αίρετήν
392 3555 429 3608 Ax
449 3549 562 3624 αἱρετὴν.
