2430 3848
378 192 653 250 PROTREPTICUS
673 196 707 264 (c.
722 195 807 265 XXI).
1037 198 1101 263 119

82 352 267 437 ἀσωμάτων
292 352 390 441 οὐσίᾳ
408 361 448 439 τῇ
468 354 530 420 οὐκ
548 357 639 421 ἔστιν
658 357 712 422 ὅτε
734 355 808 442 οὐχὶ
828 357 957 437 ἑαυτοῖς
975 360 1102 444 ὁμοίων

83 460 327 525 διατελούντων
347 461 402 525 διά
419 462 482 545 τὴν
501 461 756 548 ἐνυπάρχουσαν
775 463 888 543 αὐτοῖς
904 467 1005 551 φύσει
1024 466 1102 550 άλη-

63 571 183 652 ,θειαν
206 563 262 632 καὶ
285 566 521 633 άδιαπτωσίαν.

10 655 69 752 5ζῖ
177 673 223 737 Τὸ
251 669 289 738 δὲ
311 676 498 758 χελιδόνα
522 677 628 763 οἰκίᾳ
650 673 699 760 μη
726 676 843 762 δέχου
867 680 1100 762 συμβουλεύει·

83 776 241 866 ῥάθυμον
260 778 373 865 καὶμὴ
389 781 549 865 διηνεκῶς
568 786 820 867 φιλοπονοῦντα
838 781 922 870 μηδὲ
941 785 1101 870 ἐπίμονον
1116 802 1128 842 ⁵

83 886 272 971 αἱρετιστὴν
299 885 354 952 καὶ
381 889 553 973 γνώριμον
581 891 628 966 εἰς
653 892 695 955 τά
720 893 762 956 σά
790 891 938 976 δόγματα
964 890 1009 975 μὴ
1033 890 1102 956 ἐπι-

83 989 200 1076 δέχου,
234 993 375 1078 δεόμενα
404 1002 567 1078 συνεχοῦς
593 993 648 1060 καὶ
681 995 905 1081 εύτονωτάτης
936 1005 1102 1080 προσοχῆς

81 1096 140 1163 καὶ
163 1102 363 1184 φερεπονίας
386 1101 443 1166 διά
459 1103 521 1185 την
540 1112 608 1166 τῶν
626 1100 663 1166 ἐν
683 1102 795 1179 αὐτοῖς
814 1104 976 1168 ποικίλων
995 1109 1101 1186 μαθη-

10 1225 69 1266 sex.
83 1204 198 1290 μάτων
225 1205 408 1290 ἐξαλλαγὴν
436 1205 491 1272 καὶ
518 1206 757 1293 περιπλέκειαν.
804 1211 907 1274 εἰκόνι
934 1204 971 1273 δὲ
995 1207 1102 1295 ῥᾳθυ-

82 1314 161 1395 μίας
183 1309 238 1377 καὶ
261 1313 402 1398 ἐγκοπῆς
424 1316 557 1400 χρόνων
575 1317 724 1400 χελιδόνι
742 1313 906 1401 κέχρηται,
930 1315 980 1380 ὅτι
1004 1313 1103 1400 μέρος
1118 1333 1143 1373 10

81 1442 117 1482 τι
139 1427 199 1484 τοῦ
223 1418 379 1485 ἐνιαυτοῦ
402 1420 485 1504 αῦτη
507 1420 663 1508 ἐπιφοιτᾷ
686 1422 765 1508 ημῖν
783 1421 840 1488 καὶ
859 1420 982 1488 ὡσανεὶ
1000 1421 1103 1502 ἐπιξε-

82 1534 203 1591 νοῦται
229 1527 312 1611 πρὸς
340 1529 469 1612 βραχύν
496 1529 629 1612 καιρόν,
658 1529 695 1593 τὸ
719 1524 757 1593 δὲ
783 1534 900 1594 πλεῖον
925 1528 1103 1614 άφίσταται

83 1627 140 1697 καὶ
163 1631 293 1717 ἀφανὴς
316 1632 397 1716 ἡμῖν
419 1632 567 1717 ὑπάρχει.

20 1743 68 1819 οβ’
179 1739 223 1803 Τὸ
248 1735 285 1804 δὲ
309 1739 525 1803 δακτύλιον
548 1739 596 1823 μὴ
617 1739 732 1823 φόρει
751 1738 946 1817 ἀκολούθως
965 1741 1011 1827 τῷ
1031 1744 1103 1805 Πυ-

83 1851 256 1932 θαγορικῷ
282 1843 457 1930 ἀρέσκοντι
484 1843 622 1928 ἕλκομεν
651 1846 698 1923 εἰς
724 1846 787 1929 την
814 1846 1022 1932 παράκλησιν
1046 1846 1101 1911 ού·
1118 1865 1143 1905 1⁵

82 1970 163 2027 τως·
196 1948 265 2016 ἐπεὶ
293 1953 418 2036 δεσμοῦ
445 1953 556 2038 τρόπῳ
584 1953 765 2036 περίκειται
792 1962 862 2028 τοῖς
889 1959 1056 2037 φοροῦσιν
1085 1952 1103 2018 ὁ

84 2162 169 2227 άλλά
196 2185 266 2241 πως
293 2163 447 2249 ἁρμόζειν
479 2162 535 2228 καὶ
561 2175 745 2250 προσφυῶς
776 2166 879 2249 ἔχειν,
913 2165 1034 2249 δεσμὸς
1067 2161 1104 2230 δὲ

81 2265 236 2347 Ιτοιοῦτός
262 2294 313 2348 τις
341 2268 396 2336 καὶ
421 2273 459 2336 τὸ
488 2281 582 2354 σῶμα
609 2280 649 2355 τῇ
677 2278 767 2356 ψυχῇ
790 2271 945 2356 ὑπάρχει,
973 2273 1012 2336 τὸ
1042 2267 1104 2336 οὖν

85 2377 300 2442 δακτύλιον
328 2378 377 2461 μη
408 2379 524 2463 φόρει
558 2377 737 2461 φιλοσόφει
765 2374 870 2461 φησὶν
897 2376 942 2452 όος
970 2375 1105 2460 άληθῶς
1119 2396 1145 2434 εο

10 2503 69 2546 ιιιΜ
84 2482 141 2548 καὶ
159 2484 275 2569 χόριζε
294 2492 355 2549 τοῦ
372 2481 602 2569 περικειμένου
622 2483 748 2566 δεσμοῦ
762 2483 824 2565 την
843 2483 967 2567 ψυχήν·
987 2478 1104 2567 μελέτη

84 2591 150 2675 γάρ
163 2590 316 2655 θανάτου
335 2588 389 2654 καὶ
408 2590 574 2675 χωρισμὸς
592 2597 700 2673 ψυχῆς
718 2587 782 2653 άπὸ
802 2588 952 2673 σώματος
969 2586 990 2671 η
1010 2591 1105 2672 φιλο-

85 2699 199 2782 σοφία.
244 2696 307 2779 τὴν
325 2697 390 2780 άρα
407 2696 653 2780 Πυθαγορικὴν
676 2693 789 2779 μέτιθι
814 2696 948 2779 σπουδῇΙ
968 2694 1105 2780 μεγάλη,

85 2803 148 2886 τὴν
179 2802 367 2887 άφιστάσαν
400 2800 522 2885 ἑαυτὴν
550 2802 606 2866 διά
632 2809 694 2865 τοῦ
721 2809 785 2865 νοῦ
813 2799 877 2865 άπὸ
908 2811 1105 2883 σωματικῶν

85 2909 222 2973 πάντων
244 2907 300 2974 καὶ
323 2905 399 2993 περὶ
421 2909 462 2973 τά
484 2909 589 2992 νοητά
611 2904 666 2972 καὶ
695 2907 780 2970 άυλα
804 2906 860 2970 διά
881 2915 949 2970 τῶν
975 2912 1105 2991 θεωρη-
1119 2924 1145 2964 ετ

85 3027 189 3082 τικῶν
217 3014 423 3100 μαθημάτων
449 3011 748 3098 καταγιγνομένηυ·
782 3010 865 3076 άλλδ
895 3009 951 3077 καὶ
981 3011 1106 3077 άπόλυε

86 3129 214 3186 σαυτοῦ
242 3121 281 3186 τά
309 3119 524 3205 ἁμαρτήματα
551 3116 605 3184 καὶ
633 3117 786 3184 άνθολκά
812 3115 868 3182 καὶ
899 3119 1106 3203 κωλυσιεργδι

10 3247 69 3288 ιειτ
85 3236 148 3293 τοῦ
176 3232 377 3312 φιλοσοφεῖν
405 3226 526 3310 σαρκὸς
555 3223 766 3309 άσχολήματα
793 3223 921 3309 τροφάς
944 3246 979 3288 τε
1007 3224 1106 3308 ὑπερ-

86 3334 278 3418 βαλλούσας
299 3330 354 3398 καὶ
376 3332 559 3416 πληθώρας
582 3330 750 3416 ἀκαίρους,
775 3331 901 3416 δεσμοῦ
923 3331 1048 3416 τρόπον
1068 3332 1105 3395 τὸ

86 3478 302 3486 ——-—--

170 3566 185 3613 1
204 3561 240 3629 ’,ἦ
258 3559 358 3636 (τῶν)
379 3558 433 3620 ούκ
454 3563 483 3620 Κ
496 3566 507 3638 ΙΙ
521 3570 558 3622 2⁸1
579 3558 757 3622 άνθουλκδι.
