2430 3848
375 207 647 264 PROTREPTICUS
667 211 699 276 (e.
715 209 801 280 XIV).
1053 216 1096 280 75

80 370 126 446 ὡς
149 371 255 453 δοκεῖ,
286 371 327 435 τά
350 365 384 435 δ’
409 370 447 437 έν
469 369 570 436 ποσίν
593 370 726 455 ἀγνοῶν
749 372 862 438 τεκαὶ
886 375 923 441 έν
947 375 1097 455 ἑκάστοις

63 475 226 558 ἀπορῶν.
272 477 353 542 ὅταν
389 475 429 543 δέ
457 477 498 560 γε’
526 501 602 543 τινα
634 478 734 556 αὐτὸς
767 477 888 566 ἕλκύση
921 484 1005 566 ἀνω,
1040 482 1096 550 καλ

79 581 225 668 ἐθελήσῃ
249 606 298 660 τις
321 583 411 673 αὐτῷ
435 582 571 668 ἐκβῆναι
595 583 631 650 έκ
655 594 716 650 τοῦ
743 589 790 651 Τί
810 586 883 670 ἐγὼ
908 585 950 654 σὲ
973 589 1095 657 ἀδικῶ

80 687 101 772 ἢ
134 691 181 754 σὺ
214 687 293 773 έμές
332 691 379 767 είς
411 689 529 768 σκέψιν
561 685 605 756 αὖ
636 701 694 776 τῆς
726 693 941 778 δικαιοσύνης
973 718 1009 760 τε
1040 695 1095 761 καλ

80 793 225 879 ἀδικίας,
253 799 289 860 τί
311 819 346 861 τε
370 794 526 882 ἕκάτερον
548 797 666 863 αὐτοῖν
688 796 745 863 καὶ
767 803 802 863 τί
825 811 893 865 τῶν
915 800 1050 866 πάντων
1073 802 1122 886 ηε

24 919 67 962 ια.
83 899 236 983 ἀλλήλων
260 901 472 988 διαφίρετον;
496 902 516 986 ἢ
540 903 576 969 έκ
599 913 660 968 τοῦ
682 906 732 969 El
753 909 939 987 βασιλεὺς
962 907 1095 973 εὐδαί-

80 1029 162 1090 μων
181 1007 418 1093 κεκτημένος
436 1012 537 1074 πολὺ
560 1013 742 1094 χρυσίον,
765 1011 812 1094 [ἢ]
832 1016 1000 1094 βασιλείας
1018 1015 1094 1101 πέρι

79 1110 135 1177 καλ
159 1113 375 1200 ἀνθρωπίνης
394 1116 479 1193 ὅλως
499 1115 713 1200 εὐδαιμονίας
735 1114 791 1181 καὶ
809 1116 1007 1202 ἀθλιότητος
1026 1120 1094 1186 έπί-

79 1229 210 1304 σκεψιν,
233 1224 317 1286 ποίω
340 1219 378 1286 τί
392 1245 463 1287 τινε
482 1221 580 1288 έστὸν
597 1220 652 1287 καλ
671 1224 746 1288 τίνα
764 1225 890 1309 τρόπον
908 1223 1094 1310 ἀνθρώπου

79 1327 181 1409 φύσει
203 1330 362 1414 προσήκει
384 1329 422 1393 τὸ
446 1324 507 1412 μὲν
529 1331 716 1411 κτήσασθαι
740 1329 868 1413 αὐτοῖν,
891 1332 928 1395 τὸ
953 1326 990 1396 δὲ
1013 1331 1094 1398 ἀπο·
1109 1354 1135 1396 ιο

78 1443 211 1516 φυγεῖν,
235 1471 280 1480 -
302 1432 378 1519 περὶ
405 1435 540 1500 πάντων
569 1435 698 1501 τούτων
726 1436 807 1501 ὅταν
836 1431 879 1501 αὖ
908 1435 967 1523 δέη
990 1441 1094 1523 λόγον

78 1539 213 1604 διδόναι
239 1541 300 1606 τὸν
329 1543 471 1626 σμικρὸν
499 1540 628 1606 ἐκεῖνον
655 1543 716 1625 την
745 1544 857 1627 ψυχὴν
884 1541 940 1608 καὶ
970 1545 1093 1630 δριμὺν

77 1641 134 1708 καλ
161 1647 349 1731 δικανικόν,
377 1649 478 1713 πάλιν
506 1641 549 1711 αὖ
575 1648 615 1711 τά
644 1646 849 1731 ἀντίστροφα
876 1648 1092 1718 ἀποδίδωσιν.

78 1750 230 1834 ἰλιγγιῶν
255 1775 290 1817 τε
318 1751 382 1817 ἀπὸ
409 1753 541 1835 ὑψηλοῦ
563 1750 763 1837 κρεμασθελς
785 1749 841 1817 καλ
863 1753 996 1837 βλέπων
1019 1780 1093 1841 μετ-

78 1854 182 1941 έωρος
203 1859 340 1924 ἀνωθεν
362 1859 427 1924 ὑπὸ
452 1859 591 1943 ἀηθείας
619 1859 798 1944 ἀδημονῶν
820 1882 856 1924 τε
878 1858 935 1924 καὶ
957 1860 1092 1948 ἀπορῶν
1108 1882 1133 1924 15

32 1986 62 2027 A.
77 1961 134 2028 καὶ
157 1966 367 2051 βαρβαρίζων
384 1965 511 2049 γέλωτα
530 1963 693 2053 Θρᾴτταις
716 1962 777 2050 μὲν
796 1965 837 2030 οὐ
860 1963 996 2052 παρέχει
1015 1966 1089 2034 οὐδ’

78 2070 167 2157 ἀλλῳ
191 2071 378 2159 ἀπαιδεύτῳ
403 2073 522 2137 οὐδενί
543 2069 723 2159 (οὐδὲγὰρ
747 2074 995 2162 αίσθάνονται),
1024 2086 1093 2154 τοῖς

78 2173 116 2240 δέ
140 2175 298 2255 ἐναντίως
315 2177 336 2262 ἦ
356 2178 400 2255 ὡς
423 2178 648 2265 ἀνδραπόδοις
670 2189 825 2264 τραφεῖσι
846 2189 957 2246 πᾶσιν.
995 2178 1093 2260 οὗτος

77 2284 120 2366 δὴ
151 2281 308 2367 ἑκατέρου
340 2287 462 2370 τρόπος
496 2293 554 2369 της
593 2287 687 2366 ζωῆς·
723 2285 741 2350 ὁ
775 2281 836 2368 μέν
872 2295 918 2373 τῷ
951 2290 1024 2353 όντι
1056 2289 1093 2355 έν

77 2388 254 2477 ἐλευθερία
285 2413 321 2455 τε
349 2389 405 2455 καὶ
437 2395 539 2474 σχολῇ
571 2386 819 2473 τεθραμμένου,
854 2391 894 2454 ὃν
926 2391 967 2474 δὴ
997 2393 1092 2477 <δεί>
1107 2413 1134 2453 νο

29 2518 60 2557 Κ.
77 2497 269 2579 φιλόσοφον
292 2501 416 2579 καλεῖν,
441 2486 512 2583 <ᾦ>
535 2493 737 2578 ἀνεμέσητον
761 2494 878 2577 εὐηθει
901 2498 1014 2562 δοκείν
1036 2497 1092 2563 καὶ

78 2599 193 2667 οὐδενί
221 2596 321 2686 εἶναι,
353 2603 434 2667 ὅταν
462 2603 509 2679 είς
537 2602 675 2667 δουλικά
703 2600 826 2688 έμπέση
855 2604 1092 2691 διακονήματα,

76 2700 153 2773 οἷον
175 2710 473 2794 στρωματόδεσμον
502 2711 546 2794 μη
575 2707 796 2793 ἐπισταμένου
820 2712 1092 2779 συσκευάσασθαι

77 2812 162 2899 μηδέ
185 2817 272 2893 όψον
295 2816 418 2898 ἡδῦναι
440 2815 460 2900 ἣ
483 2822 602 2892 θῶπας
629 2818 765 2899 λόγους·
793 2814 811 2880 ὁ
840 2811 871 2880 δ’
898 2811 941 2880 αὖ
968 2819 1008 2881 τά
1030 2816 1092 2902 μέν

76 2931 214 2986 τοιαῦτα
246 2923 353 2987 πάντα
385 2921 576 3007 δυναμένου
603 2932 709 3005 τορῶς
735 2918 883 3006 θατέρου
909 2920 966 2987 καὶ
993 2922 1093 3002 ὀξέως
1106 2944 1133 2984 τε

78 3028 264 3110 διακονεῖν,
297 3029 547 3112 ἀναβάλλεσθαι
579 3024 660 3110 <δδ>
694 3027 756 3092 οὐκ
789 3026 1009 3112 ἐπισταμένου
1039 3029 1092 3097 ἐπὶ

75 3170 291 3182 —————-—-

169 3263 184 3311 7
206 3249 223 3324 ἢ
243 3256 347 3337 delevi:
367 3273 402 3310 an
419 3259 533 3327 χρυσίον
547 3247 575 3326 ᾖ,
594 3257 674 3328 βασ.ῗ
688 3257 727 3324 119
747 3255 777 3310 τέ
796 3275 855 3310 τινε
870 3255 930 3310 PA:
950 3255 982 3326 γε’
995 3276 1070 3320 τινες
1083 3258 1093 3330 Η

78 3367 112 3416 10
127 3359 227 3417 αάτοῖν
236 3363 296 3418 PK:
312 3359 402 3432 αὐτὴν
416 3364 425 3432 ΙΙ
441 3369 473 3418 13
487 3360 573 3417 πάλιν
587 3354 625 3416 αὖ
639 3358 673 3415 τά
684 3361 743 3415 AP:
757 3341 842 3417 πάλίά
853 3358 927 3416 αάτά
941 3363 950 3430 ΙΙ
966 3367 998 3416 18
1011 3358 1092 3418 ἔναν-

75 3435 143 3496 τίως
163 3434 225 3489 PK:
251 3432 390 3497 ἐναντίοις
408 3437 417 3505 ΙΙ
435 3441 470 3489 20
494 3428 526 3489 δν
550 3436 600 3487 δεῖ
619 3449 653 3488 ex
676 3448 772 3502 apogr.
797 3432 851 3487 Ciz.
876 3434 913 3487 K:
937 3449 975 3486 an
996 3439 1097 3494 καλεῖς

76 3521 140 3570 eum
160 3504 200 3559 P?
211 3506 224 3572 J}
237 3511 268 3558 λλ
289 3497 312 3574 ᾦ
336 3521 371 3560 ex
387 3505 412 3560 P
429 3505 543 3564 addidit
561 3504 613 3581 Αλλ
628 3510 664 3563 23
686 3499 881 3576 ἔπιοταμὲνου
902 3502 1121 3584 οιιῖιεεῂρέκκ
1191 3581 1194 3585 ,

69 3571 274 3642 ἐπισταμένους
284 3579 299 3647 β
311 3582 346 3633 25
364 3578 512 3656 θατέρου]
532 3602 564 3640 τε
582 3581 715 3654 Pmss
734 3575 771 3636 δε
790 3575 867 3636 οιῖ
888 3571 1015 3629 &mxx
1022 3568 1073 3618 R.
