2430 3848
111 156 134 218 4
334 152 680 210 1AMBL.PROTREPT.
701 152 903 210 SUMMARIA.

196 313 396 395 Ἰδιοίζουσαι
409 317 631 400 παρακλήσεις
644 316 727 401 πρὸς
736 316 798 398 τήν
808 317 1018 401 θεωρητικήν
1031 322 1126 400 φιλο-
1144 328 1166 377 Ζ

111 424 237 506 σοφίαν
259 420 315 486 καὶ
339 423 566 507 διαφερόντως
588 423 649 505 τήν
672 423 861 486 κατανοῶν
886 423 982 504 ζωήν,
1008 422 1045 486 αι’
1065 419 1127 507 μέν

111 528 175 594 ἀπὸ
199 538 256 612 τῆς
276 537 338 593 τοῦ
356 531 461 606 ὅντως
480 528 666 613 ἄνθρωπον
688 529 831 612 φύσεως,
856 529 893 592 αἱ
913 525 950 593 δὲ
974 528 1037 593 ἀπὸ
1060 539 1128 594 τῶν

111 636 261 720 ἐναργῶν
284 631 597 720 ὑπομιμνήσκουσαι
624 632 716 700 τουτὶ
744 635 781 699 τὸ
805 638 1033 719 προκείμενον.

82 761 95 802 5
194 738 408 826 Ῥιιομνήσεις
432 740 495 806 ἀπὸ
517 751 586 805 τῶν
604 751 728 805 κοινῶν
752 740 893 806 ἐννοιῶν
911 743 1128 826 παραμυθού-
1146 754 1178 804 Η

109 872 207 931 μεναι
229 849 267 912 τὸ
290 849 428 933 πρώτως
452 847 588 936 ὀρεκτὸν
611 844 665 911 καὶ
690 843 734 912 δι’
758 846 855 912 ἑαυτὸ
878 848 1011 932 αίρετὸν
1034 853 1129 932 φιλο-

110 956 242 1037 σοφίας,
262 953 409 1038 ἐναργῶς
422 977 457 1018 τε
476 954 684 1039 προάγουσαι
704 955 750 1031 είς
770 954 832 1036 τήν
849 956 1044 1040 προτροπὴν
1065 954 1128 1019 ἀπὸ

109 1070 178 1125 τῶν
200 1064 381 1147 γνωρίμων
404 1071 473 1137 τοῖς
496 1069 607 1125 πᾶσιν.

195 1163 274 1232 Ἀπὸ
296 1176 357 1231 τοῦ
381 1169 589 1251 βουλήματος
607 1175 664 1250 τῆς
683 1166 817 1251 φύσεως
840 1168 963 1250 ἔφοδος
984 1168 1031 1244 είς
1048 1189 1129 1252 προ·
1145 1176 1170 1229 Θ

70 1275 237 1356 ιοτροπήν
259 1275 342 1338 κατὰ
364 1275 426 1357 τήν
452 1276 659 1359 Πυθαγόρου
684 1273 875 1358 ἀπόκρισιν,
899 1273 943 1356 ήν
967 1268 1037 1338 εἷπε
1060 1285 1130 1351 τοῖς

109 1378 145 1444 ἔν
171 1384 332 1444 Φλιοῦντι
360 1378 632 1464 πυνθανομένοις
660 1382 710 1456 τίς
738 1379 807 1444 ἔστι
834 1377 889 1444 καὶ
917 1383 1008 1456 τίνος
1033 1378 1130 1444 ἕνεκα

108 1484 239 1569 γέγονε·
269 1486 371 1570 ταύτῃ
395 1486 458 1570 γὰρ
483 1483 650 1569 ἑπομένως
673 1487 936 1570 συλλογιζόμεθα
961 1487 1022 1569 τήν
1044 1507 1125 1572 προ·
1140 1520 1161 1556 p.
1175 1508 1188 1548 5
1204 1514 1215 1542 z<

111 1593 239 1677 τροπήν
263 1592 355 1675 ὑλήν.

190 1696 262 1762 ’Ότι
279 1697 335 1763 καὶ
349 1698 493 1782 μεγάλας
508 1698 669 1784 ὠφελείας
687 1697 861 1783 παρέχεται
877 1699 961 1783 πρὸς
974 1699 1033 1763 τὸν
1053 1703 1129 1782 βίον
1150 1719 1167 1765 Ι

70 1802 130 1887 πή
153 1808 341 1892 θεωρητική
366 1810 545 1894 φρόνησις,
573 1807 777 1890 ὑπομνήσεις
805 1809 956 1881 πλείονες
982 1804 1038 1871 καὶ
1066 1806 1130 1871 ἀπὸ

109 1913 275 1976 πλειόνων
294 1912 457 1997 ἀφορμῶν
476 1915 593 1997 τρόποι
612 1936 647 1977 τε
665 1920 723 1995 τῆς
740 1915 853 1998 χρείας
871 1912 1131 1978 ὑποδείκνυνται

110 2016 270 2102 διάφοροι
292 2017 348 2082 καὶ
366 2020 450 2103 πρὸς
467 2015 574 2083 πολλὰ
592 2017 669 2102 τέλη
694 2029 761 2084 τῶν
785 2021 1027 2104 συμφερόντων
1050 2019 1131 2104 ήμϊν

112 2126 389 2208 συμβαλλόμενοι.

193 2226 263 2294 Ὅτι
283 2237 328 2318 τῷ
343 2232 403 2295 τὸν
416 2231 602 2295 κατανοῶν
622 2227 767 2317 ἑλομένφ
787 2233 864 2313 βίον
882 2228 937 2295 καὶ
956 2232 993 2295 τὸ
1011 2242 1130 2315 χαῖρον
1146 2248 1183 2296 ΙΑ

75 2356 102 2396 το
116 2336 344 2420 διαφερόντως
367 2337 514 2423 ὑπάρχει.

196 2441 275 2508 Ἀπὸ
295 2452 356 2509 τοῦ
374 2446 456 2528 πρὸς
475 2444 694 2528 εὐδαιμονίαν
713 2441 829 2529 φέρειν
850 2445 1057 2527 φιλοσοφίαν
1079 2467 1130 2508 τε·
1147 2460 1184 2508 ΙΒ

111 2546 193 2625 λέως
216 2547 271 2613 καὶ
290 2550 425 2633 ἀληθῶς
444 2551 568 2633 ἔφοδος
586 2553 633 2626 εἰς
646 2552 840 2635 προτροπὴν
854 2559 915 2615 τοῦ
929 2555 1131 2634 φιλοσοφεῖν

110 2652 226 2719 τελέαν
249 2654 304 2719 καὶ
328 2655 591 2739 ἀνυσιμωτότήν.

114 2765 115 2769 ’
196 2755 274 2825 Ἀπὸ
293 2772 360 2826 τῶν
374 2758 451 2846 περὶ
469 2764 673 2847 φιλοσοφίας
690 2762 832 2827 ἐννοιῶν
851 2763 970 2846 ἔφοδοι
989 2765 1036 2839 εἰς
1049 2784 1129 2848 προ·
1146 2778 1187 2828 ΙΓ

71 2887 97 2926 ω
110 2869 239 2951 τροπήν
259 2869 341 2932 κατδι
359 2870 416 2944 τὰς
435 2870 676 2953 Πυθαγορικὰς
694 2869 873 2947 ὑποθέσεις
894 2867 949 2933 καὶ
968 2871 1050 2934 κατὰ
1072 2871 1131 2946 τὰς

112 2973 250 3057 ίιλήθεῐς
272 2971 347 3059 περὶ
371 2984 479 3059 ψυχῆς
502 2974 609 3053 δόξας.

198 3076 276 3144 Ἀπὸ
304 3089 365 3144 τοῦ
393 3084 470 3163 βίου
497 3091 558 3146 τοῦ
591 3082 627 3147 έν
658 3085 843 3169 φιλοσοφίᾳ
875 3080 930 3147 καὶ
961 3091 1019 3165 τῆς
1052 3083 1130 3165 ὅλης
1143 3097 1184 3146 ΙΔ

203 3386 216 3433 1
239 3380 397 3434 Summaria
411 3377 435 3439 ς’
452 3383 481 3436 et
490 3378 511 3448 ζ’
526 3383 554 3436 h.
564 3381 582 3436 1.
599 3381 747 3435 coniuncta
761 3384 826 3435 sunt
839 3383 878 3450 [13
898 3377 986 3444 ὄντως
1000 3382 1047 3436 fol.
1059 3387 1129 3436 οἵτε

113 3447 193 3512 ὄντος
202 3451 253 3506 h.l.
269 3451 278 3524 ή
293 3458 308 3506 6
319 3452 430 3520 πρῶτον
440 3452 489 3506 fol.
500 3454 558 3508 fieb
572 3453 580 3523 ή
594 3447 663 3506 αὑτὸ
675 3452 701 3506 h.
712 3453 730 3507 l.
745 3451 755 3524 ή
768 3453 861 3507 8πάσι
873 3453 921 3506 fol.
933 3454 989 3508 58b
1000 3453 1010 3526 ή
1020 3459 1052 3508 19
1064 3454 1130 3510 fort.

112 3525 221 3591 χαίρειν
232 3523 265 3576 οΙ,
277 3541 304 3592 p.
317 3527 376 3591 160,
388 3529 403 3577 6
414 3526 443 3578 et
454 3523 641 3594 170‚3Kiessl.
651 3523 660 3595 ή
669 3528 704 3577 23
714 3521 814 3578 τελέαν
824 3523 871 3580 fol.
883 3525 954 3579 62b:
964 3523 1065 3587 τελέως
1074 3524 1128 3581 h.l.
