2430 3848
348 179 618 236 ΡαοΤαΕΡΤιοοε
638 184 671 251 (ε.
687 181 732 236 x1.
747 183 816 253 αα).
1045 185 1087 250 59

72 341 181 425 ἡδεῖα,
204 339 260 405 καὶ
285 344 342 425 ζῆν
364 340 470 423 ἡδέως
493 342 534 406 οὐ
557 343 681 421 πάντας
704 345 796 422 όσοις
816 348 892 423 ζῶσι
912 348 1088 429 συμβαίνει

72 450 219 532 χαίρειν,
248 443 320 511 ἀλλ’
347 439 396 524 οἷς
424 448 505 513 αὐτὸ
533 450 570 512 τὸ
600 453 656 533 ξῆν
683 450 749 532 ἡδὺ
771 447 826 515 καὶ
849 453 1003 537 χαίρουσι
1025 453 1088 535 τὴν

74 553 140 618 άπὸ
165 556 248 637 ζωῆς
270 553 408 636 ἡδονήν.
445 554 570 620 οὐκοῦν
592 557 630 620 τὸ
655 559 712 640 ζῆν
731 555 934 641 ἀποδίδομεν
957 565 1003 645 τςῦ
1027 555 1089 642 μὲν

10 686 60 728 ιε.
74 659 272 745 ἐγρηγορότι
300 664 426 745 μᾶλλον
453 660 475 744 ἢ
502 669 547 748 τῷ
575 663 792 746 καθεύδοντι,
824 671 870 751 τῷ
903 673 1089 749 φρονοῦντι

74 761 114 829 δέ
136 764 157 847 ἢ
180 773 225 854 τῷ
250 767 374 852 άφρονι
397 771 534 851 μάλλον,
558 769 619 851 τὴν
643 767 673 832 δ’
696 768 760 834 άπὸ
781 772 863 853 ζωῆς
880 769 1008 853 ἡδονὴν
1026 770 1117 853 τηατ

73 871 139 936 άπὸ
162 881 219 955 τῆς
242 875 390 958 χρησεως
411 872 615 958 γιγνομένην
642 872 753 959 φαμὲν
776 871 862 940 εἶναι
884 885 942 960 τῆς
965 885 1086 960 ψυχῆς·

73 987 173 1044 τοῦτο
196 981 260 1065 γάρ
285 980 354 1044 ἐστι
377 982 414 1045 τὸ
439 984 496 1064 ζῖχν
520 980 663 1063 άληθῶς.
709 983 740 1046 εί
756 984 873 1047 τοίνυν
895 980 950 1047 καὶ
969 980 1089 1048 πολλαὶ

73 1093 183 1168 ψυχῆς
205 1087 270 1151 εἰσι
292 1088 439 1171 χρήσεις,
470 1085 554 1151 ἀλλά
576 1088 761 1172 κυριωτάτη
785 1112 823 1170 γε
846 1099 962 1153 πασῶν
984 1089 1005 1171 ἡ
1028 1097 1089 1154 τοῦ

72 1202 216 1275 φρονεῖν
238 1191 301 1256 ότι
319 1193 468 1275 μάλιστα.
506 1194 610 1276 δῆλον
628 1197 745 1259 τοίνυν
764 1195 815 1259 ότι
828 1192 884 1259 καὶ
900 1194 962 1277 τὴν
975 1217 1090 1277 γιγνο·

72 1295 179 1382 μένην
202 1298 265 1363 άπὸ
289 1307 349 1364 τοῦ
372 1308 522 1383 φρονεῖν·
540 1297 596 1364 καὶ
618 1306 761 1386 θεωρεῖν
784 1299 912 1385 ἡδονὴν
937 1299 957 1384 ἢ
981 1302 1089 1383 μόνην
1104 1321 1131 1359 10

71 1404 94 1488 ἣ
119 1405 259 1488 μάλιστα
282 1404 465 1487 άναγααῖον
488 1404 636 1471 ἀπὸτοῦ
660 1409 718 1491 ζῆν
741 1401 836 1474 εἶναι.
881 1408 918 1472 τὸ
944 1409 1001 1490 ζῆν
1025 1408 1089 1492 άρα

71 1508 179 1594 ἡδέως
196 1507 251 1574 καὶ
268 1511 305 1575 τὸ
320 1513 447 1595 χαίρειν
467 1511 511 1587 ὡς
530 1511 665 1589 άληθῶς
682 1514 756 1597 ἤτοι
775 1516 890 1597 μόνοις
908 1512 928 1597 ἢ
948 1514 1089 1597 μάλιστα

71 1615 213 1701 ὑπάρχει
244 1626 314 1693 τοῖς
346 1620 555 1701 φιλοσόφοις.
603 1618 624 1700 ἡ
657 1620 721 1704 γάρ
752 1630 820 1684 τῶν
851 1619 1088 1702 ἀληθεστάτων

72 1725 224 1806 νοήσεων
243 1721 393 1808 ἐνέργεια
411 1721 467 1788 καὶ
487 1723 550 1789 άπὸ
570 1735 636 1789 τῶν
655 1724 797 1809 μάλιστα
816 1727 923 1789 όντων
942 1730 1089 1809 πληρου-

10 1851 58 1893 ox.
73 1827 157 1914 μένη
171 1827 227 1895 καὶ
242 1827 404 1913 στέγουσα
418 1827 469 1895 ἀεὶ
488 1834 636 1915 μονίμως
649 1830 710 1913 την
729 1827 950 1914 ἐνδιδομένην
968 1833 1089 1896 τελειό-
1104 1847 1131 1889 15

73 1957 165 2020 τητα,
187 1936 270 2018 αὐτη
289 1946 404 2001 πασῶν
426 1935 495 2000 ε’στι
513 1935 669 2022 καὶπρὸς
688 1936 904 2022 εὐφροσύνην
923 1935 1090 2020 άνυσιμω-

72 2043 164 2125 τάτη.
210 2039 371 2107 ὥστεκαὶ
395 2039 440 2106 δι’
467 2042 548 2106 αὐτὸ
576 2045 612 2107 τὸ
637 2046 765 2128 χαίρειν
793 2044 851 2120 τάς
874 2043 1012 2127 άληθεῖς
1034 2040 1088 2107 καὶ

73 2149 205 2231 ἀγαθάς
227 2147 351 2230 ἡδονάς
374 2146 621 2232 φιλοσοφητέον
649 2145 719 2214 ἐστὶ
746 2158 816 2224 τοῖς
838 2157 923 2214 νοῦν
946 2151 1089 2233 ἔχουσιν.

164 2251 236 2318 XII.
268 2255 314 2317 Εί
340 2249 377 2318 δὲ
406 2254 460 2318 δεῖ
479 2254 523 2337 μὴ
547 2256 653 2338 μόνον
679 2254 743 2319 ἀπὸ
766 2265 833 2319 τῶν
857 2267 968 2338 μερῶν
990 2265 1089 2321 τοῦτο

73 2363 352 2443 συλλογίσασθαι,
367 2357 518 2424 ἀλλὰκαὶ
532 2358 595 2424 άπὸ
610 2368 668 2442 τῆς
682 2360 760 2441 ὅλης
775 2359 988 2442 εὐδαιμονίας
1003 2362 1088 2424 άνω-
1103 2377 1130 2418 το

73 2473 140 2531 θεν
161 2468 198 2531 τὸ
217 2465 298 2529 αὐτὸ
317 2466 568 2547 κατασκευάσαι,
592 2462 739 2548 λέγωμεν
763 2465 949 2550 διαρρήδην
973 2465 1023 2529 ὅτι
1047 2466 1088 2549 δὴ

75 2573 121 2647 ὡς
140 2574 206 2656 ἔχει
224 2572 307 2657 πρὸς
321 2571 539 2655 εὐδαιμονίαν
553 2573 590 2636 τὸ
605 2575 816 2655 φιλοσοφεῖν,
837 2569 923 2635 οὕτω
938 2568 1091 2656 καὶπρὸς

73 2680 113 2743 τὸ
142 2680 328 2743 σπουδαῖον
354 2677 434 2762 ἡμῖν
461 2676 483 2761 ἢ
511 2682 642 2762 φαῦλον
671 2672 757 2743 εἶναι
785 2677 866 2742 αὐτὸ
892 2678 1090 2744 διακεῖσθαι.

75 2784 184 2850 πάντα
208 2785 271 2870 γάρ
294 2785 334 2849 τά
357 2780 418 2868 μὲν
440 2786 523 2870 πρὸς
545 2793 644 2849 τοῦτο
667 2785 707 2849 τδι
731 2780 768 2848 δὲ
790 2784 845 2847 διά
867 2792 966 2849 τοῦτο
989 2792 1090 2849 πᾶσιν

10 2910 60 2954 οε
76 2890 224 2976 αίρετέου
248 2884 349 2972 εἶναι,
375 2887 430 2953 καὶ
452 2891 492 2953 τά
515 2885 576 2973 μὲν
599 2889 644 2965 ὡς
666 2888 829 2971 άναγααῖα
851 2899 919 2952 τῶν
942 2889 1090 2973 πραγμά-
1105 2906 1131 2948 25

74 3020 144 3062 των
171 2999 211 3061 τά
240 2994 277 3062 δὲ
303 2994 384 3079 ἡδέα
412 2989 457 3059 δι’
479 2991 532 3090 Ᾰῶν
559 2996 832 3079 εὐδαιμονοῦμεν.
879 2995 1005 3060 οὐκοῦν
1027 2998 1089 3080 τὴν

75 3102 295 3187 εὐδαιμονίαν
322 3099 486 3186 τιθέμεθα
512 3103 587 3185 ὐτοι
619 3104 786 3188 φρόνησιν
817 3096 903 3167 εἶναι
933 3104 992 3167 καί
1016 3125 1091 3167 τινα

75 3213 203 3294 σοφίαν
225 3207 246 3292 ἢ
270 3210 331 3293 τὴν
355 3208 476 3293 άρετην
498 3207 518 3292 ἢ
539 3209 577 3273 τὸ
597 3208 736 3293 μάλιστα
754 3211 882 3293 χαίρειν
901 3207 964 3291 <ἣ>
983 3208 1090 3272 πάντα

149 3407 184 3456 23
202 3397 270 3470 ἡμῖν
284 3393 461 3473 <μᾶλλον>ἢ
478 3401 549 3456 coni:
564 3400 602 3453 K:
620 3397 800 3453 verisimilius
813 3417 840 3454 v.
855 3404 888 3454 22
904 3394 1091 3466 εὐδαιμονίαν

75 3465 115 3544 (ἢ
135 3472 382 3544 αακοδαιμονιάν>
400 3470 529 3542 conicias,
549 3469 601 3527 sed
617 3474 753 3528 nemum
762 3467 1095 3548 οεοεεεαεὶοῑαῶδῶοι

74 3549 110 3596 2σ
127 3540 202 3598 εἶναι
219 3542 376 3598 induxerim
389 3545 403 3613 [J
418 3549 452 3600 28
472 3537 490 3615 ἢ
512 3546 678 3602 extremum
697 3543 821 3601 οδδιδῶ
830 3539 1017 3598 Ἶῶοεοκοε.
1093 3465 1152 3624 Ἣ
