2430 3848
106 171 150 236 52
515 167 704 223 mmmm

107 334 308 417 γιγνόμενον
336 332 436 414 φύσει
463 341 532 407 τοῖς
559 329 767 414 ἀνθρώποις,
797 331 850 395 διὸ
877 329 932 396 καί
957 332 994 395 τὸ
1018 339 1124 415 γῆρας

109 438 324 503 ἀντιποιεῖται
345 437 466 502 τούτου
485 439 676 521 μόνοντῶν
700 437 852 520 ἀγαθῶν·
876 439 1040 523 φρόνησις
1059 437 1124 521 ἀρα

107 568 158 621 τις
184 546 266 610 κατὰ
295 544 401 627 φύσιν
428 543 508 627 ἡμῖν
537 543 605 608 ἐστι
632 544 669 608 τὸ
699 541 793 620 τέλος
824 541 879 608 καὶ
911 545 948 608 τὸ
980 553 1123 627 φρονεῖν

109 653 248 736 ἔσχατον
276 645 318 715 οὗ
345 650 443 735 χάριν
470 651 663 733 γεγόναμεν.
711 650 836 715 οὐκοῦν
865 651 897 714 εί
926 650 1122 734 γεγόναμεν,
1136 667 1169 707 14⁸

82 773 95 814 ⁶
110 759 214 841 δῆλον
233 757 284 822 ὅτι
302 754 357 822 καί
372 751 471 840 ἐσμὲν
486 753 582 821 ἕνεκα
600 764 661 831 τοῦ
679 758 853 842 φρονῆσαί
866 780 899 821 τι
916 753 971 821 καί
990 761 1123 840 μαθεῖν.
1147 798 1165 835 .

107 867 215 939 καλῶς
246 863 311 944 ἀρα
346 862 429 926 κατά
460 883 498 945 γε
533 869 654 926 τοῦτον
685 863 745 928 τὸν
781 864 883 945 λόγον
916 863 1123 946 Πυθαγόρας

109 974 241 1054 είρηκεν
268 966 313 1044 ὡς
340 964 393 1032 ἐπὶ
420 969 457 1032 τὸ
484 969 617 1051 γνῶναί
640 990 675 1032 τε
704 965 760 1032 καὶ
786 973 957 1054 θεωρῆσαι
979 976 1042 1044 πᾶς
1066 968 1123 1032 ἀν-

109 1080 247 1158 θρωπος
278 1073 343 1139 ὑπὸ
376 1082 436 1139 τοῦ
468 1080 554 1139 θεοῦ
586 1071 796 1157 συνέστηκεν.
842 1074 925 1139 ἀλλὰ
955 1082 1054 1139 τοῦτο
1085 1077 1122 1140 τὸ

109 1183 261 1264 γνωστὸν
289 1181 431 1265 πότερον
460 1180 478 1245 ὁ
506 1182 629 1264 κόσμος
656 1176 747 1245 ἐστὶν
769 1182 790 1263 ἤ
813 1204 863 1257 τις
889 1178 983 1265 ἑτέρα
1010 1181 1123 1264 φύσις,

69 1306 95 1345 10
110 1287 268 1353 σκεπτέον
292 1292 372 1363 ίσως
394 1275 551 1370 ὕστερον,
582 1294 647 1350 νῦν
670 1283 708 1350 δέ
735 1295 898 1351 τοσοῦτον
922 1287 1039 1351 ίκανὸν
1061 1287 1123 1370 τὴν

109 1393 245 1475 πρώτην
268 1391 356 1475 ἡμῖν.
404 1393 435 1455 εί
460 1391 523 1477 γάρ
551 1391 620 1456 ἐστι
646 1392 728 1457 κατὰ
752 1393 857 1476 φύσιν
879 1390 973 1469 τέλος
994 1392 1015 1476 ἡ
1039 1395 1123 1478 φρό-

110 1514 222 1582 νησις,
252 1498 390 1582 ἄριστον
413 1495 455 1561 ἀν
479 1502 528 1580 είη
557 1498 691 1563 πάντων
715 1499 752 1563 τὸ
776 1509 926 1584 φρονεῖν.
973 1499 1057 1564 ὥστε
1085 1500 1125 1565 τὰ

111 1602 172 1688 μὶν
196 1605 279 1669 ἀλλα
302 1605 356 1668 ἀεῖ
375 1603 532 1688 πράττειν
551 1602 647 1669 ἕνεκα
665 1614 732 1669 τῶν
751 1604 788 1671 έν
807 1605 895 1693 αὐτῷ
914 1604 1124 1689 γιγνομένων

112 1710 262 1795 ἀγαθῶν,
286 1710 414 1775 τούτων
438 1706 476 1775 δέ
499 1710 609 1776 αὐτῶν
632 1712 672 1775 τίι
695 1707 756 1795 μὲν
780 1711 817 1776 έν
839 1719 885 1798 τῷ
908 1711 1035 1796 σώματι
1056 1722 1125 1777 τῶν

72 1837 98 1877 ιε
113 1817 150 1883 έν
173 1818 254 1904 <τη>
276 1826 381 1903 φυγῇ,
409 1817 471 1900 τὴν
495 1812 532 1881 δέ
559 1815 679 1903 ἀρετὴν
701 1826 759 1901 της
778 1819 993 1902 φρονήσεως·
1026 1826 1125 1883 τοῦτο

112 1924 177 2008 γάρ
205 1924 294 1988 ἐστιν
322 1922 516 2006 ἀκρότατον.
562 1924 599 1987 τὸ
628 1919 665 1987 δέ
698 1926 805 2007 ζητεῖν
833 1923 896 1988 ἀπὸ
923 1924 1030 2007 πόσης
1057 1923 1127 1989 έπε-

113 2031 237 2114 στημης
264 2028 378 2113 ἕτερόν
401 2051 433 2092 τι
461 2025 621 2111 γενέσθαι
647 2026 703 2094 καὶ
733 2031 805 2094 θεῖν
827 2032 993 2116 χρησίμην
1021 2029 1128 2113 αὐτην

113 2130 210 2217 εἶναι,
224 2133 434 2198 παντάπασιν
447 2133 647 2218 ἀγνοοῦντός
656 2137 746 2211 τινός
756 2134 846 2201 ἐστιν
860 2135 942 2201 ὅσον
954 2134 1127 2220 διέστηκεν

114 2239 148 2318 ἐξ
175 2238 277 2325 ἀρχῆς
308 2240 348 2304 τὰ
376 2238 490 2322 ἀγαθὰ
516 2237 572 2305 καὶ
602 2242 642 2304 τὰ
673 2240 849 2325 ἀναγκαῖα·
883 2240 1034 2329 διαφέρει
1061 2245 1127 2328 γὰρ

73 2366 100 2406 εο
113 2352 278 2413 πλεῖστον.
323 2348 364 2411 τὰ
399 2342 461 2431 μέν
492 2348 556 2433 γὰρ
594 2345 638 2411 δι’
673 2346 788 2433 ἕτερον
824 2348 1023 2432 ἀγαπώμενα
1059 2359 1128 2414 τῶν
1142 2364 1167 2406 ⁵⁹

114 2453 329 2538 πραγμάτων,
367 2447 415 2519 ὧν
451 2455 533 2518 ἀνευ
567 2456 624 2536 ζῆν
656 2453 839 2537 ἀδύνατον,
876 2455 1039 2538 ἀναγκαῖα
1072 2454 1128 2520 καὶ
1143 2472 1169 2513 ιν

115 2563 267 2625 συναίτια
299 2557 447 2640 λεκτέον,
486 2560 548 2623 ὅσα
580 2555 617 2623 δέ
649 2554 696 2623 δι’
730 2560 828 2642 αὑτά,
865 2559 928 2626 κάν
961 2560 1127 2647 ἀποβαίνῃ

115 2660 221 2749 μηδὲν
250 2662 379 2748 ἕτερον,
412 2664 524 2746 ἀγαθὰ
555 2666 690 2749 κυρίως·
724 2666 765 2730 οὐ
797 2668 861 2752 γὰρ
890 2667 932 2750 δὴ
959 2669 1036 2733 τόδε
1065 2664 1128 2752 μὲν

115 2771 248 2856 αίρετὸν
280 2771 337 2835 διὰ
368 2771 459 2854 τόδε,
491 2771 568 2836 τόδε
601 2766 638 2835 δὲ
671 2765 714 2834 δι’
748 2773 845 2856 ἀλλο,
878 2781 976 2838 τοῦτο
1009 2771 1048 2838 δέ
1081 2776 1129 2851 είς

74 2894 101 2935 ²⁵
116 2878 254 2962 ἀπειρον
273 2883 396 2961 οίχεται
414 2879 545 2962 προῖόν,
564 2872 635 2942 ἀλλ’
658 2878 790 2943 ἵσταταί
803 2900 877 2945 που.
910 2884 1045 2962 γελοῖον
1064 2875 1129 2946 οὖν

115 2983 179 3066 ἤδη
204 2988 373 3060 παντελῶς
398 2984 434 3048 τὸ
459 2986 567 3066 ζητεῖν
590 2982 654 3048 ἀπὸ
677 2986 800 3061 παντὸς
823 2983 988 3069 ὠφέλειαν
1011 2984 1129 3072 ἑτέραν

115 3083 193 3175 παρ’
220 3089 301 3154 αὐτὸ
323 3089 361 3153 τὸ
386 3097 534 3173 πρᾶγμα,
562 3086 616 3154 καὶ
642 3089 688 3154 ’τί
708 3084 770 3155 οὖν
792 3090 873 3174 ἡμῖν
896 3092 1045 3175 όφελος;’
1072 3091 1129 3157 καὶ

117 3195 163 3259 ‘a'
178 3193 365 3281 χρήσιμον;’
389 3193 524 3274 ἐρωτᾶν.
564 3195 608 3271 ὡς
626 3197 759 3279 ἀληθῶς
777 3197 852 3281 γάρ,
876 3196 956 3279 ὅπερ
975 3196 1127 3282 λέγομεν,

117 3321 328 3331 -ι

207 3374 248 3423 ιο.
268 3387 295 3438 p.
310 3373 384 3438 τηε
404 3368 487 3423 Arist.
502 3368 535 3422 fr.
550 3373 584 3424 τε
595 3370 626 3423 Β.
646 3371 683 3438 (p.
699 3374 740 3439 οε,
753 3375 794 3426 19.
815 3375 858 3439 ιο,
873 3372 926 3439 ει).

117 3477 330 3489 -ὰ-

195 3533 213 3579 7
230 3524 279 3600 τό]
295 3529 360 3585 fort.
383 3529 422 3605 τῷ
435 3531 447 3602 1]
462 3533 497 3586 16
515 3529 549 3603 τῇ
571 3528 682 3585 addidit
698 3529 797 3598 w&
816 3523 968 3596 ἀναγκαία.
