2430 3848
389 161 664 219 εειονιιεενιοοε
683 167 717 236 (ι.
732 167 777 237 v).
1049 167 1093 232 33

74 324 165 413 αὐτῷ
198 326 455 411 κυβερνώμενοι.
507 327 606 410 ὐηλοῑ
636 324 674 393 δὲ
705 326 759 392 καὶ
787 328 805 393 ὁ
834 331 937 413 νόμος
973 330 1024 394 ὅτι
1056 333 1093 396 τὸ

73 439 231 496 τοιοῦτον
250 434 416 515 βούλεται,
435 440 515 497 πᾶσι
529 444 599 510 τοῖς
618 433 655 499 έν
673 443 712 519 τῇ
732 437 826 500 πόλει
846 433 1012 520 ξύμμαχος
1032 437 1093 502 ών·

75 538 132 605 καὶ
155 538 176 623 ἡ
199 549 267 604 τῶν
290 540 420 604 παίδων
444 539 543 624 ἀρχή,
564 541 601 606 τὸ
625 542 669 625 μή
694 540 753 606 έᾶν
772 540 973 628 ἐλευθέρους
996 537 1093 626 εἶναι,

76 646 139 723 ἕως
162 644 205 711 ἀν
229 644 266 710 ἐν
289 645 403 722 αὐτοῖς
426 645 536 731 ώσπερ
560 645 597 711 έν
620 649 715 712 πόλει
740 651 911 714 πολιτείαν
933 651 1094 732 καταστή-

77 769 198 837 σωμεν,
218 750 274 817 καὶ
292 753 329 817 τὸ
344 752 516 835 βέλτιστον
535 755 802 838 θεραπεύσαντες
820 767 888 821 τῶν
907 753 984 842 παρ’
1003 755 1122 839 ήμίν,ι

76 860 184 946 τούτῳ
208 858 540 942 ἀντικαταστήσωμεν
565 860 698 944 φύλακα
726 862 843 945 ὅμοιον
866 860 922 927 καὶ
950 864 1095 947 ἀρχοντα

33 984 62 1024 K
77 964 114 1030 έν
137 966 245 1054 αὐτῷ,
272 962 329 1030 καὶ
357 967 430 1031 τότε
459 966 500 1049 δή
525 965 707 1052 ἐλεύθερον
731 967 881 1052 ἀφίεμεν.
928 969 1053 1034 οὐκοῦν
1077 969 1095 1034 ό

76 1095 115 1156 γε
143 1081 229 1137 νοῦν
257 1074 343 1156 ἔχων
370 1072 477 1137 πάντα
508 1073 549 1136 τά
582 1072 686 1138 αὑτοὺ
717 1075 764 1150 είς
796 1083 895 1138 τοῦτο
925 1075 1096 1154 ξυντείνας

76 1179 248 1263 βιώσεται,
281 1189 416 1265 πρῶτον
445 1175 506 1262 μὲν
539 1182 719 1264 μαθήματα
751 1180 855 1264 τιμών
884 1179 904 1245 ά
936 1182 1095 1264 τοιαύτην

77 1285 181 1350 αὐτοῦ
204 1287 266 1369 τὴν
290 1286 401 1370 ψυχήν
424 1285 658 1371 ἀπεργάσεται,
686 1287 726 1351 τά
751 1283 787 1350 δέ
813 1287 896 1351 ἀλλα
920 1286 1094 1371 ἀτιμάζων,
1110 1308 1136 1347 ιο

77 1395 189 1457 ἔπειτα
216 1394 278 1476 τήν
304 1400 365 1457 τοῦ
393 1393 544 1476 σώματος
571 1391 640 1471 έξιν
672 1391 726 1458 καί
759 1395 889 1478 τροφήν
917 1393 978 1478 οὐχ
1007 1395 1096 1469 ὅπως

76 1508 115 1584 τῇ
138 1500 305 1585 θηριώδει
327 1496 382 1564 καὶ
406 1498 515 1587 ἀλόγφ
539 1499 645 1585 ήύονή
669 1499 846 1586 ἐπιτρέψας
874 1501 1022 1566 ἐνταῦθα
1045 1523 1095 1565 τε-

76 1605 263 1691 τραμμένος
287 1608 386 1689 ζήσει,
410 1603 482 1670 ἀλλ’
506 1601 586 1670 οὐόε
608 1606 691 1691 πρὸς
711 1606 829 1689 ὑγείαν
848 1605 990 1690 βλέπων,
1015 1603 1095 1672 οὐδὲ

76 1721 175 1777 τοῦτο
194 1712 401 1795 πρεσβεύων,
421 1711 510 1788 ὅπως
526 1712 661 1796 ἰσχυρὸς
679 1711 699 1795 ή
719 1712 816 1796 ὑγιής
834 1712 854 1795 ἢ
874 1714 973 1789 καλὸς
992 1715 1094 1796 ἔσται,

78 1816 138 1883 έάν
161 1819 205 1902 μή
229 1816 285 1884 καὶ
309 1819 543 1903 σωφρονήσειν
570 1817 672 1903 με’λλη
704 1815 759 1883 ἀπ’
786 1817 909 1883 αὐτῶν·
941 1814 1015 1883 ἀλλ’
1044 1816 1095 1883 ἀεὶ
1110 1838 1135 1879 15

78 1925 139 2008 τήν
167 1925 204 1989 ἐν
231 1931 277 2011 τῷ
308 1924 434 2008 σώματι
467 1923 631 2009 ἁρμονίαν
658 1933 716 2007 τής
744 1923 781 1989 έν
808 1933 847 2011 νή
876 1933 966 2010 ψυχή
999 1907 1095 1990 ἕνεκα
1170 1944 1172 1950 ·

79 2029 545 2116 ξυμφωνίαςάρμοττόμενος
573 2042 742 2116 φανεῖται,
776 2031 896 2116 ἐάνπερ
925 2030 1026 2118 μέλλη
1055 2040 1094 2117 τή
1152 2060 1156 2077 ¹

79 2136 221 2225 ἀληθείᾳ
249 2139 408 2220 μουσικὸς
435 2132 531 2202 εἶναι.
577 2138 702 2204 οὐκοῦν
730 2135 784 2203 καί
811 2139 872 2222 τήν
896 2138 933 2204 ἐν
960 2147 999 2224 τῇ
1027 2149 1095 2204 τῶν

80 2244 258 2329 χρημάτων
286 2246 397 2327 κτήσει
427 2242 586 2321 σύνταξιν
620 2245 681 2309 οὐκ
713 2247 760 2321 είς
793 2246 931 2329 ἀπειρον
959 2245 1095 2330 αὐξήσει

28 2348 246 2437 ιλάπέραντοι
276 2353 359 2416 κακά
388 2354 489 2435 ἔχων,
523 2345 595 2415 ἀλλ’
627 2349 824 2433 ἀποβλέπων
854 2352 937 2435 πρὸς
968 2352 1029 2434 τὴν
1058 2350 1095 2416 έν
1109 2374 1136 2413 νο

81 2454 186 2544 ἑαυτῷ
210 2461 381 2523 πολιτείαν
404 2455 459 2522 καὶ
478 2457 667 2542 φυλάττων,
691 2459 735 2540 μή
754 2479 786 2520 τι
804 2464 971 2541 παρακινῇ
991 2455 1095 2522 αὑτοῦ

79 2574 146 2628 τῶν
175 2564 245 2629 ἐκεῖ
271 2565 327 2629 ὐιά
356 2569 486 2648 πλῆθος
514 2564 631 2640 οὐσίας
657 2563 677 2646 ή
707 2559 751 2626 δι’
784 2562 974 2646 ὀλιγότητα,
1007 2563 1094 2628 οὕτω

81 2674 255 2754 κυβερνῶν
273 2673 460 2757 προσθήσει
475 2668 531 2735 καί
550 2670 715 2735 ἀναλώσει
732 2678 790 2754 τῆς
810 2669 925 2746 οὐσίας
943 2672 1095 2736 καθόσον

28 2792 68 2833 211
83 2775 122 2842 ἀν
146 2769 218 2854 οἷός
240 2800 284 2842 τε.
326 2777 409 2843 ἀλλά
431 2778 497 2861 μήν
520 2775 575 2842 καὶ
596 2777 692 2860 τιμάς
719 2801 757 2860 γε
790 2779 837 2853 είς
865 2776 987 2841 ταύτὸν
1015 2776 1095 2841 ἀπο-

79 2881 211 2966 βλέπων
236 2895 304 2950 τών
327 2881 389 2968 μέν
411 2882 542 2969 μεθέξει
570 2881 670 2966 ἑκών,
701 2881 740 2959 ἀς
763 2881 805 2947 ἀν
829 2889 938 2965 οίηται
969 2882 1093 2967 ἀμείνω
1108 2903 1134 2944 25

79 2990 182 3056 αὑτὸν
209 2994 379 3076 ποιήσειν,
410 2992 469 3068 τάς
497 2986 534 3055 δὲ
566 2988 720 3075 φεύξεται
754 2991 823 3076 ίύία
855 2987 910 3055 καὶ
939 2991 1094 3076 δημοσία,

79 3095 116 3174 ἀς
143 3095 187 3162 ἀν
215 3096 333 3182 ήγήται
360 3098 476 3162 λύσειν
503 3097 564 3179 τὴν
593 3097 811 3183 ὑπάρχουσαν
838 3095 915 3175 ἕξιν.
961 3094 1015 3161 καλ
1044 3093 1095 3161 ἑνὶ

79 3204 236 3286 δηλονότι
276 3210 322 3292 τῷ
356 3203 471 3274 πάντα,
500 3205 540 3268 τά
577 3204 660 3268 ἀλλα
702 3203 989 3269 ἀνταλλάσσεσθαι
1026 3203 1094 3269 ἐπι-

78 3312 224 3396 χειρήσει
246 3307 320 3387 ἑνὸς
342 3311 465 3375 τούτου
488 3312 605 3395 μόνον,
628 3318 689 3375 τοῦ
710 3312 877 3395 φρόνησιν
895 3312 1093 3394 κτήσασθαι,

167 3474 184 3522 3
210 3462 261 3522 ίάν
283 3461 453 3537 ἐλευθέρως
472 3466 534 3525 PK:
558 3459 778 3540 ἀνελευθέρους
798 3470 853 3539 w)
877 3467 919 3556 τήν
944 3458 1012 3530 παρ’
1043 3459 1137 3545 *Qu

77 3534 192 3608 τοιούτῳ
203 3538 230 3590 Ρ
235 3539 280 3606 ή8
293 3539 323 3594 εί
334 3544 368 3594 21
379 3534 473 3597 αὐτού
487 3544 499 3615 ss
514 3548 549 3600 24
566 3540 629 3611 οἷός
645 3539 671 3601 τ’
691 3534 746 3620 ‘fil'
759 3545 776 3617 λλ
787 3547 828 3599 λλ)
843 3535 941 3606 αὐτου
951 3533 1028 3588 mz
1044 3542 1157 3580 wm-

113 3633 249 3675 mmm
257 3637 398 3683 Ρεονιιινν.
974 3629 997 3675 ’ὃ
