2430 3848
112 189 156 253 54
520 186 712 243 IAMBLICHI

111 351 153 415 οὐ
175 351 239 434 γάρ
260 351 368 433 δήπου
387 346 440 415 ἐπὶ
458 346 520 434 μὲν
539 350 742 433 ἀνθρώπους
760 349 986 435 μιμουμένους
1003 352 1129 436 γύναια

110 453 167 521 καὶ
197 457 355 541 δούλους,
387 458 466 533 τοὺς
494 454 531 522 δέ
557 455 766 542 μαχομένους
797 455 852 521 καὶ
885 454 1042 540 θέοντας,
1077 460 1133 525 δεῖ

111 562 316 648 πορεύεσθαι
334 563 415 648 μετά
433 567 557 647 πολλῆς
576 564 725 648 σπουδῆς
743 561 839 629 ἕνεκα
856 571 917 628 τοῦ
935 565 1129 631 θεάσασθαι

111 668 248 752 αὐτούς,
275 670 336 752 τὴν
365 665 402 734 δὲ
430 679 498 734 τῶν
526 670 634 734 ὄντων
663 670 767 753 φύσιν
790 666 846 734 καί
873 670 935 753 τὴν
964 669 1130 754 ἀλήθειαν

84 775 174 840 οούκ
197 781 330 840 οἴεσθαι
354 777 426 841 δεῖν
448 780 592 860 θεωρεῖν
616 775 742 859 άμισθί.
785 776 872 842 οὕτω
896 772 957 860 μέν
976 771 1040 842 οὖν
1063 777 1128 844 άπὸ

110 891 171 946 τοῦ
189 884 398 966 βουλήματος
412 891 469 966 τῆς
489 883 622 966 φάσεως
641 881 789 958 ἐπιόντες
806 882 1056 968 προετρέψαμεν
1075 882 1129 950 ἐπὶ

109 989 147 1052 τὸ
176 997 317 1072 φρονεῖν
345 988 390 1065 ὡς
416 986 470 1053 ἐπὶ
498 987 629 1072 ἀγαθόν
655 1010 691 1053 τε
719 987 869 1072 ὑπάρχον
895 986 951 1053 καὶ
975 983 1020 1053 δι’
1046 990 1129 1056 αὑτὸ

109 1095 235 1177 τίμιον,
268 1091 331 1159 κάν
358 1091 464 1178 μηδὲν
492 1089 549 1158 άπ’
580 1094 685 1159 αὐτοῦ
712 1097 875 1180 χρήσιμον
901 1096 1055 1178 γίγνηται
1085 1097 1129 1174 ὡς

110 1201 193 1285 πρὸς
215 1200 275 1265 τὸν
298 1200 516 1285 ἀνθρώπινον
539 1202 624 1282 βίον.

71 1325 98 1365 ιο
201 1306 240 1374 X.
273 1302 372 1371 Ἀλλά
400 1306 465 1390 μὴν
493 1305 543 1370 ὅτι
568 1329 606 1387 γε
628 1303 684 1370 καὶ
707 1305 869 1390 ὠφελείας
891 1308 949 1383 τάς
971 1310 1127 1391 μεγίστας
1139 1326 1166 1368 ω

109 1412 190 1495 ἡμῖν
208 1413 293 1496 πρὸς
310 1412 370 1476 τὸν
389 1411 608 1497 ἀνθρώπινον
622 1414 699 1494 βίον
712 1410 887 1497 παρέχεται
900 1413 921 1496 ἡ
936 1416 1124 1499 θεωρητικὴ

110 1518 285 1602 φρόνησις,
307 1516 440 1603 εὑρήσει
458 1540 508 1594 τις
527 1516 651 1604 ῥᾳδίως
669 1517 733 1583 άπὸ
751 1529 819 1582 τῶν
837 1529 971 1602 τεχνῶν.
1014 1520 1125 1606 ὥσπερ
1138 1539 1162 1580 ω

109 1626 173 1708 γάρ
197 1635 265 1690 τῶν
294 1626 417 1711 ίατρῶν
446 1624 520 1690 ὅσοι
547 1621 671 1709 κομψοὶ
698 1621 754 1689 καὶ
780 1634 847 1688 τῶν
875 1622 950 1712 περὶ
977 1626 1040 1708 τὴν
1068 1651 1127 1709 γυ-

109 1732 293 1816 μναστικὴν
311 1731 346 1796 οί
356 1736 506 1797 πλεῖστοι
524 1732 645 1816 σχεδὸν
663 1729 888 1815 ὁμολογοῦσιν
907 1732 959 1796 ὅτι
978 1733 1033 1797 δεῖ
1047 1735 1126 1809 τοὺς

70 1855 95 1896 15
110 1837 291 1922 μέλλοντας
323 1837 475 1921 ἀγαθοὺς
513 1839 647 1921 ίατροὺς
679 1839 816 1901 ἔσεσθαι
848 1834 904 1903 καὶ
934 1839 1128 1922 γυμναστάς

108 1941 186 2027 περὶ
209 1945 342 2028 φύσεως
365 1943 541 2028 ἐμπείρους
564 1938 660 2025 εἶναι,
685 1942 772 2007 οὕτω
795 1940 849 2007 καὶ
872 1946 953 2020 τοὺς
975 1944 1127 2028 ἀγαθοὺς

109 2047 297 2134 νομοθέτας
320 2047 496 2133 ἐμπείρους
520 2042 605 2112 εἶναι
629 2050 683 2112 δεῖ
703 2057 760 2131 τῆς
783 2049 931 2133 φάσεως,
961 2048 1017 2115 καὶ
1038 2052 1127 2116 πολύ

109 2179 147 2238 γε
179 2158 307 2239 μᾶλλον
344 2153 490 2220 ἐκείνων.
537 2156 572 2220 οί
605 2151 666 2239 μὲν
698 2157 761 2239 γάρ
794 2165 851 2239 τῆς
882 2165 943 2221 τοῦ
975 2157 1127 2241 σώματος

111 2259 228 2343 άρετῆς
261 2262 325 2325 είσι
353 2259 551 2345 δημιουργοὶ
584 2263 705 2345 μόνον,
739 2261 774 2326 οί
803 2257 840 2325 δέ
872 2258 947 2346 περὶ
979 2264 1037 2339 τάς
1068 2272 1127 2347 τῆς

70 2385 96 2425 20
110 2376 218 2451 ψυχῆς
242 2366 358 2453 άρετάς
381 2368 475 2444 ὄντες
497 2364 552 2432 καὶ
580 2364 656 2453 περὶ
679 2370 806 2444 πόλεως
832 2368 1047 2452 εὐδαιμονίας
1070 2366 1127 2432 καὶ

110 2475 369 2557 κακοδαιμονίας
383 2473 531 2551 διδάξειν
544 2475 827 2559 προσποιούμενοι
841 2476 928 2539 πολὺ
941 2475 981 2557 δὴ
998 2464 1126 2558 μάλλον

109 2578 332 2659 προσδέονται
351 2583 564 2662 φιλοσοφίας.
603 2580 754 2665 καθάπερ
773 2581 837 2665 γάρ
861 2580 897 2645 ἐν
915 2590 987 2656 ταῖς
1010 2581 1127 2657 άλλαις

110 2683 242 2770 τέχναις
268 2693 340 2762 ταῖς
368 2686 620 2770 δημιουργικαῖς
647 2684 711 2751 άπὸ
742 2695 800 2770 τῆς
829 2688 962 2770 φύσεως
988 2687 1126 2772 εὕρηται

112 2793 151 2856 τά
174 2790 328 2876 βέλτιστα
350 2802 418 2857 τῶν
441 2791 610 2877 ὀργάνων,
641 2770 714 2857 οἷον
739 2792 776 2857 ἐν
798 2800 968 2876 τεκτονικῇ
991 2793 1124 2877 στάθμη

70 2915 96 2956 ²5
110 2896 166 2963 καὶ
180 2899 292 2964 κανὼν
310 2897 366 2964 καὶ
383 2900 502 2981 τόρνος
516 2899 539 2981 †
552 2900 592 2963 τὰ
612 2895 672 2983 μὲν
690 2899 788 2964 ὕδατι
805 2896 861 2964 καὶ
880 2897 965 2984 φωτὶ
980 2896 1035 2962 καὶ
1054 2910 1127 2976 ταῖς

111 3004 229 3088 αὐγαῖς
250 3015 318 3069 τῶν
342 3005 486 3071 ἀκτίνων
509 3003 722 3089 ληφθέντων,
744 3008 827 3091 πρὸς
850 3004 870 3069 ά
892 3008 1065 3092 κρίνοντες
1087 3006 1125 3070 τὸ

110 3112 193 3176 κατά
215 3112 277 3195 τὴν
305 3117 466 3194 αἴσθησιν
494 3111 616 3188 ίκανῶς
639 3111 725 3176 εὐθὺ
752 3109 807 3176 καὶ
837 3116 929 3177 λεῖον
951 3113 1128 3195 βασανίζο-

184 3274 198 3322 1
217 3265 305 3339 <τούς
322 3266 396 3339 μὲν)
413 3286 528 3338 μιμουμ.
547 3267 629 3335 Ense,
648 3270 678 3323 at
696 3287 721 3323 v.
739 3268 850 3337 Sauppe
870 3268 906 3322 ad
924 3266 996 3322 Plat.
1011 3266 1128 3338 Protag.

110 3357 137 3408 p.
153 3345 205 3394 330
215 3337 248 3393 A.
281 3338 392 3393 Vahlen
411 3339 447 3393 ad
466 3341 512 3394 Ar.
526 3338 604 3394 Poet.
622 3335 713 3408 144712,
729 3343 763 3392 14
780 3341 818 3409 (p.
834 3339 891 3408 91⁸)
906 3341 915 3410 ΙΙ
930 3344 945 3393 7
965 3332 1082 3408 άηαθάν
1100 3358 1129 3392 τι

108 3426 162 3461 εον.
182 3409 208 3461 Κ
227 3410 239 3477 Ι]
262 3415 295 3464 21
315 3405 443 3475 διδάξειν
461 3409 491 3464 in
509 3425 611 3480 marg„
634 3405 751 3475 ἐπάξειν
769 3410 799 3462 in
817 3412 897 3465 textu
919 3411 929 3479 ss
952 3414 986 3464 25
1004 3405 1040 3464 τά
1060 3407 1135 3480 μδν]’

94 3469 236 3554 ssim,
257 3476 313 3534 ἐνί
334 3478 447 3565 ῑζίίοίίίε
467 3477 528 3554 [τά]
545 3476 575 3536 έν
590 3479 668 3536 Diels
680 3483 693 3551 λλ
704 3487 738 3536 ’λθ
757 3481 905 3550 ληφθέντα
919 3481 1042 3536 coniecit
1055 3480 1128 3535 veri·

74 3543 221 3602 emmer
234 3547 273 3616 K,
294 3555 418 3622 εοειρειῖ
437 3556 540 3611 autem
558 3554 740 3626 ληφθεισῶν.

267 3766 291 3797 ff
