2430 3848
113 199 154 262 10
520 197 724 263 IAMBmcffl,

111 363 319 445 λογιζόμεθα.
365 358 420 425 καὶ
443 361 502 424 τὸν
525 361 609 425 θεὸν
633 361 803 443 σεβόμεθα
825 360 907 423 κατδι
929 361 1071 444 τρόπον,
1098 362 1131 435 εί

109 468 170 531 τὸν
208 466 244 532 ἐν
281 466 361 551 ημῖν
398 476 483 532 νοῦν
518 466 830 551 παρασκευάσαιμεν
867 466 974 549 πάσης
1012 468 1129 544 κακίας

60 621 61 624 ¹
111 572 221 655 ὥσπερ
248 574 339 649 τινὸς
366 574 502 656 κηλῖδος
533 575 694 659 καθαρόν.
739 570 925 656 κοσμητέον
950 572 1041 657 ίερὸν
1065 569 1128 657 μέν

111 677 320 763 ἀναθήμασι,
351 681 412 762 τὴν
441 677 478 744 δὲ
504 680 615 764 ψυχὴν
644 681 848 763 μαθήμασιν.
894 679 939 755 ὡς
965 682 1030 763 πρὸ
1058 689 1127 744 τῶν

83 785 263 869 εμεγοίλων
295 790 487 872 μυστηρίων
519 788 556 851 τὸ
590 787 689 872 μικρδι
720 783 943 871 παραδοτέον,
976 782 1032 850 καὶ
1061 786 1127 870 πρὸ

110 895 313 976 φιλοσοφίας
336 894 499 958 παιδείαν.
545 892 562 958 ὁ
587 889 648 977 μέν
671 901 728 975 της
758 901 818 975 γῆς
840 893 965 977 καρπὸς
990 886 1034 955 δι’
1061 891 1128 956 ἐνι-

110 1007 229 1081 αυτοῦ,
259 996 338 1064 καθ’
366 998 506 1064 ἕκαστον
529 995 566 1064 δὲ
594 1000 682 1086 ὥρας
710 1001 829 1084 μόριον
858 998 875 1064 ὁ
902 999 1002 1083 <της>
1031 1003 1128 1082 φιλο-

111 1106 233 1189 σοφίας
256 1105 462 1172 ἀποδίδοται.
503 1106 655 1190 καθάπερ
679 1106 788 1192 χώρας
811 1105 952 1190 μάλιστα
976 1103 1128 1188 ἐπιμελη-

108 1209 186 1276 τέον
209 1219 254 1300 τῷ
278 1221 335 1296 τῆς
358 1213 494 1297 ἀρίστης
517 1211 717 1296 ἐπιτυγόντι,
740 1209 796 1277 καλ
816 1219 935 1296 ψυχῆς,
959 1212 1047 1286 ὅπως
1069 1220 1129 1294 τῆς

70 1343 96 1383 ιο
110 1318 242 1400 φύσεως
266 1317 359 1396 ἄξιον
383 1316 557 1402 ένίγκηται
579 1319 639 1382 τὸν
661 1319 799 1404 καρπόν.

205 1429 350 1489 Τοιαῦτα
370 1425 412 1489 όίν
430 1448 480 1501 τις
499 1424 562 1489 ἀπὸ
581 1435 648 1489 τῶν
667 1424 818 1509 ἐναργῶν
836 1426 987 1509 γνωμικδι
1007 1423 1128 1507 ὁμοιώ-

109 1553 195 1613 ματα
223 1528 491 1615 παρατιθέμενος
520 1541 641 1607 κοινῶς
669 1529 710 1595 δν
739 1532 785 1606 είς
813 1534 1019 1615 φιλοσοφίαν
1046 1553 1155 1618 προ-Ι

110 1634 271 1723 τρέψειεν.

197 1743 255 1810 III.
280 1742 374 1809 ’Ἐστι
399 1739 435 1809 δὲ
457 1742 514 1809 καλ
541 1745 640 1820 ἄλλος
662 1744 765 1820 τύπος
787 1742 935 1827 γνώμαις
957 1744 1128 1829 χρώμενος
1142 1766 1178 1806 22:

69 1872 95 1914 15
109 1847 165 1913 καλ
183 1850 293 1933 αὐτός,
313 1848 422 1916 οὐκέτι
441 1847 479 1915 δὲ
498 1851 554 1915 δεδι
572 1853 763 1935 παραβολῆς
780 1848 1050 1934 ἀντιπαρατιθεὶς
1068 1853 1128 1929 τδς
1141 1871 1178 1912 οε

108 1955 299 2039 ὁμοιώσεις,
322 1959 480 2041 ἔμμετρος
500 1953 558 2019 καί
581 1954 795 2040 ἐναρμόνιος,
818 1957 956 2038 γνήσιος
978 1967 1045 2021 τῶν
1069 1956 1127 2022 ιἰν-

109 2062 200 2146 δρῶν
227 2063 372 2144 τούτων,
397 2049 445 2126 Ιδν
473 2063 591 2146 ἔχομεν
619 2064 859 2146 παρειληφότες
890 2061 926 2127 ἐν
950 2063 1063 2140 όίλλοις
1091 2088 1126 2129 τε

108 2165 164 2232 καλ
187 2167 224 2232 ἐν
246 2178 316 2244 τοῖς
339 2171 486 2252 Χρυσοίς
509 2169 637 2251 ἔπεσιν,
667 2163 714 2233 ὧν
739 2168 834 2251 ὀλίγα
863 2170 943 2233 ίίττα
967 2163 1126 2254 δείγματα

108 2272 319 2359 παραθετίον
342 2274 382 2339 τὰ
405 2283 554 2340 τοιαῦτα·

69 2414 100 2461 εο·
152 2407 256 2464 ταῦτα
278 2400 391 2482 πόνει,
419 2397 511 2464 ταῦτ’
539 2397 707 2483 ἐκμελίτα,
731 2399 861 2464 τούτων
883 2400 945 2484 χρη
971 2399 1051 2486 ἐρᾶν
1075 2418 1125 2466 σε·

152 2505 256 2570 ταῦτοί
279 2521 316 2570 σε
339 2513 397 2588 της
420 2509 517 2582 θείας
540 2505 656 2592 ἀρετῆς
680 2507 727 2582 είς
750 2511 840 2589 ίχνια
863 2508 974 2589 θησει.

109 2629 165 2693 διὰ
189 2612 265 2714 ’γὰρ
302 2629 430 2694 τούτων
468 2629 514 2704 είς
546 2630 654 2693 πάντα
686 2630 726 2693 τδι
761 2631 846 2694 καλδι
877 2631 1058 2714 μαθήματά
1090 2655 1124 2697 τε

108 2732 164 2799 καλ
192 2734 434 2819 ἐπιτηδεύματα
460 2733 654 2821 προτρέπει,
686 2738 767 2820 μήτε
798 2735 913 2801 πόνων
945 2738 1126 2819 φείδεσθαι

111 2843 263 2925 οίόμενος
296 2842 384 2923 δεῖν,
417 2843 497 2925 μήτε
530 2838 669 2925 μελέτην
696 2840 833 2924 ὑφιέναι
866 2842 1047 2925 μηδεμίαν,
1080 2845 1127 2920 είς

70 2969 96 3008 ετ
111 2948 216 3033 έρωτοί
245 2971 281 3012 τε
308 2945 364 3012 καλ
391 2951 586 3032 προθυμίαν
613 2957 681 3012 τῶν
708 2953 819 3013 καλῶν
848 2949 1036 3033 διεγείρων,
1070 2947 1127 3014 καὶ

198 3111 222 3159 3.
242 3110 259 3157 4
277 3101 433 3174 κοσμητὲον
452 3136 485 3143 -
505 3103 629 3175 μαθήμ]
649 3104 684 3158 cf.
705 3104 783 3159 stob.
802 3104 863 3160 Bel.
882 3105 908 3159 ΙΙ
927 3111 971 3172 31,
989 3111 1023 3160 53
1043 3109 1080 3176 (v.
1100 3106 1127 3159 ΙΙ

107 3193 134 3246 p.
150 3182 211 3244 210,
227 3182 309 3248 16sq.
325 3175 481 3245 Wachsm.)
495 3177 543 3245 114.
560 3181 575 3230 6
595 3173 633 3237 ὡς
652 3207 684 3216 -
704 3176 851 3246 παιδείαν]
873 3176 908 3232 cf.
924 3176 1001 3232 θοοὶ).
1018 3178 1035 3232 l.
1052 3195 1073 3232 c.
1091 3183 1125 3232 27

109 3250 148 3317 (p.
167 3253 227 3315 206,
244 3253 277 3302 26
287 3249 358 3316 sqq.)
372 3248 381 3315 ΙΙ
395 3253 429 3303 20
440 3264 480 3315 sq.
501 3246 590 3303 Oarm.
604 3245 670 3301 Aur.
685 3264 729 3302 vv.
740 3251 774 3300 45
785 3264 827 3316 sq.

152 3442 154 3446 Α
198 3396 212 3443 1
228 3388 277 3443 καλ
291 3387 367 3444 delet
377 3387 475 3444 Vitelli
488 3391 498 3460 ΙΙ
512 3395 527 3443 7
542 3389 592 3458 τῆς
605 3387 751 3452 addiditK
764 3391 773 3460 ΙΙ
788 3394 822 3444 10
833 3383 934 3461 ἐνέγκῃ
944 3390 994 3445 καλ
1003 3389 1127 3462 σουλΚΗ

109 3502 142 3551 18
161 3489 232 3551 ἅττα
246 3498 304 3565 [120
322 3489 404 3549 ταῦτ’
426 3474 510 3549 ἔκταν’
528 3498 537 3566 fl
551 3500 587 3550 24
601 3492 716 3564 μελέτης
730 3491 848 3564 ὑφιέναι
864 3493 1003 3567 μηδεμιᾶς
1016 3498 1062 3551 vel
1076 3516 1125 3567 με·

107 3567 190 3636 λε’την
209 3563 329 3636 ἀφιέναι
348 3567 492 3636 μηδεμίαν
509 3566 746 3621 Eemsterhusius.
