2430 3848
142 185 186 250 46
553 185 745 242 IAMBLIOHI

141 350 254 414 εύδειν
280 349 419 432 ἥδιστον
446 345 508 433 μὲν
536 348 597 433 οὐχ
621 349 753 433 αίρετδν
778 346 831 432 δέ,
859 347 922 414 κύὶν
950 347 1162 432 ὑποθῶμεθα

140 456 247 532 παίσας
269 457 314 543 τῷ
338 457 541 521 καθεύδοντι
564 456 735 542 παρούσας
764 457 821 532 τὰς
843 455 982 539 ἡδονάς,
1011 455 1100 520 διότι
1123 457 1162 520 τὰ

141 557 202 646 μὲν
220 558 300 626 καθ’
322 561 430 627 ὐπνον
449 561 667 645 φαντάσματα
685 561 805 644 ψευδῆ,
824 561 864 625 τδι
883 554 916 623 δ’
937 558 1160 645 ἐγρηγορόσιν
1172 581 1207 621 ιιι

140 667 260 752 ἀληθῆ.
297 666 450 752 διαφέρει
472 669 535 753 γὰρ
560 665 674 732 οὐδενὶ
698 677 765 732 τῶν
784 668 895 732 ἄλλων
916 667 954 731 τὸ
977 667 1160 732 καθεύδειν

113 772 196 839 ικαὶ
218 776 256 840 τὸ
280 772 497 860 ἐγρηγορέναι
520 774 607 856 πλὴν
627 781 672 861 τῷ
696 775 758 857 τὴν
777 774 888 858 ψυχὴν
908 775 981 838 τότε
1000 768 1062 857 μὲν
1080 779 1160 839 πολ-

140 880 232 958 λιίκις
256 881 452 964 ἀληθεύειν,
479 880 707 956 καθεύδοντος
736 877 773 944 δὲ
800 878 851 944 ἀεὶ
875 881 1091 958 διεψεῦσθαι·
1121 883 1158 946 τὸ

139 988 203 1072 γδιρ
226 998 294 1052 τῶν
317 985 486 1054 ἐνυπνίων
509 987 650 1052 εἴδωλόν
674 986 743 1052 ἐστι
765 986 821 1051 καὶ
843 988 968 1064 ψεῦδος
991 987 1090 1052 ἅπαν.

228 1092 296 1159 Καὶ
322 1094 360 1158 τὸ
393 1095 532 1177 φεύγειν
562 1089 598 1158 δὲ
630 1094 690 1158 τὸν
721 1093 873 1158 θάνατον
900 1096 980 1170 τοὺς
1010 1097 1158 1171 πολλοὺς

140 1202 291 1266 δείκνυσι
318 1202 379 1284 τὴν
406 1200 632 1285 φιλομάθειαν
659 1208 717 1283 τῆς
745 1208 860 1284 ψυχῆς.
908 1201 1024 1284 φεύγει
1047 1201 1113 1286 γδιρ
1138 1200 1157 1264 ἃ

99 1330 125 1369 10
138 1307 182 1390 μὴ
211 1307 403 1389 γιγνώσκει,
433 1307 471 1370 τὸ
499 1307 663 1383 σκοτῶδες
689 1304 746 1371 καὶ
772 1308 877 1391 τὸμὴ
908 1308 1026 1390 δῆλον,
1056 1309 1158 1389 φύσει
1170 1325 1207 1366 ιιι

139 1409 176 1477 δὲ
195 1414 308 1477 διώκει
326 1414 363 1477 τὸ
379 1413 527 1496 φανερὸν
542 1411 597 1477 καὶ
615 1413 652 1478 τὸ
671 1416 832 1496 γνωστόν.
871 1415 924 1478 διὸ
943 1411 999 1478 καὶ
1013 1414 1156 1497 μάλιστα

138 1521 216 1596 τοὺς
244 1522 371 1596 αἰτίους
399 1519 479 1604 ἡμῖν
509 1528 569 1584 τοῦ
595 1520 655 1584 τὸν
682 1521 779 1603 ἥλιον
808 1522 894 1585 ίδεῖν
920 1517 975 1585 καὶ
1005 1521 1043 1584 τὸ
1071 1531 1156 1604 φῶς,

138 1626 261 1704 αὐτούς
283 1650 394 1711 φαμεν
414 1628 486 1691 δεῖν
504 1635 602 1711 τιμᾶν
620 1626 897 1712 ὑπερβαλλόντως
919 1624 975 1692 καὶ
994 1624 1156 1709 σέβεσθαι

137 1732 262 1818 πατέρα
281 1731 337 1798 καὶ
355 1731 479 1820 μητέρα
499 1734 543 1811 ὡς
561 1737 725 1817 μεγίστων
739 1733 879 1816 ἀγαθῶν
894 1735 1033 1810 αἰτίους·
1052 1739 1156 1799 αῖτιοι

98 1861 123 1901 15
138 1839 178 1905 δέ
199 1843 296 1924 είσιν,
320 1841 365 1918 ὡς
383 1843 480 1922 ἔοικε,
504 1848 564 1906 τοῦ
588 1842 759 1926 φρονῆσαί
773 1864 805 1905 τι
823 1838 879 1904 καὶ
902 1841 996 1905 ἰδεῖν.
1037 1841 1094 1904 διὰ
1116 1841 1154 1905 τὸ

137 1947 219 2012 αὐτὸ
244 1943 280 2012 δὲ
303 1955 403 2012 τοῦτο
426 1945 482 2012 καὶ
505 1950 664 2031 χαίρομεν
687 1957 756 2024 τοῖς
779 1948 945 2029 συνήθεσι
972 1944 1027 2022 καὶ
1049 1947 1155 2032 προίγ-

137 2070 217 2138 μασι
248 2051 305 2118 καὶ
334 2053 541 2139 ἀνθρώποις,
574 2051 630 2118 καὶ
663 2056 784 2136 φίλους
815 2055 955 2130 τούτους
986 2057 1155 2138 καλοῦμεν

117 2162 215 2235 ,τοὺς
250 2162 448 2244 γνωρίμους.
503 2161 602 2243 δηλοῖ
636 2155 699 2225 οὐν
734 2168 838 2226 ταῦτα
875 2171 991 2244 σαφῶς
1027 2159 1078 2224 ὅτι
1115 2161 1154 2224 τὸ

136 2268 288 2349 γνωστὸν
315 2264 371 2332 καὶ
399 2266 480 2351 <τὸ>
513 2267 663 2353 φανερὸν
694 2264 750 2331 καὶ
779 2269 815 2332 τὸ
849 2268 954 2350 δῆλον
982 2266 1154 2349 ἀγαπητόν

96 2395 122 2435 ιο
136 2371 240 2438 ἐστιν·
265 2376 296 2440 εί
318 2371 355 2438 δὲ
378 2376 415 2439 τὸ
438 2375 591 2459 γνωστὸν
614 2371 669 2438 καὶ
692 2375 730 2439 τὸ
754 2371 869 2457 σαφές,
894 2375 999 2458 δῆλον
1022 2373 1074 2437 ὅτι
1097 2373 1153 2438 καλ

136 2482 173 2546 τὸ
196 2481 395 2564 γιγνώσκειν
419 2482 601 2564 ἀναγκαῖον
624 2479 680 2546 καὶ
703 2482 741 2545 τὸ
764 2490 906 2566 φρονεῖν
929 2481 1061 2565 ὁμοίως.

226 2589 319 2671 Πρὸς
347 2587 388 2669 δὴ
415 2588 561 2668 τούτοις,
591 2587 700 2668 ὥσπερ
729 2584 782 2651 ἐπὶ
809 2596 867 2670 τῆς
895 2587 1011 2664 οὐσίας
1040 2585 1101 2670 οὐχ
1129 2587 1207 2670 W

135 2692 218 2776 αὐτὴ
247 2701 359 2776 κτῆσις
387 2691 483 2757 ἕνεκα
512 2701 572 2756 τοῦ
603 2695 660 2775 ζῆν
687 2690 743 2757 καὶ
770 2701 831 2758 τοῦ
860 2697 917 2777 ζῆν
943 2693 1153 2777 εὐδαιμόνως

135 2811 204 2878 τοῖς
237 2799 448 2885 ἀνθρώποις,
480 2798 585 2874 οὐτως
617 2796 672 2863 καὶ
705 2797 756 2863 ἐπὶ
790 2802 986 2886 φρονήσεως
1017 2799 1060 2864 οὐ
1092 2808 1152 2884 τῆς

95 2927 121 2968 ετ
136 2907 237 2990 αὐτῆς
260 2901 352 2990 οἶμαι
376 2907 521 2988 δεύμεθα
544 2908 627 2989 πρός
654 2929 688 2970 τε
711 2907 749 2970 τὸ
779 2909 836 2990 ζῆν
859 2908 964 2990 μόνον
987 2902 1044 2971 καὶ
1067 2907 1152 2992 πρὸς

134 3014 172 3077 τὸ
197 3017 253 3095 ζῆν
276 3017 390 3088 καλῶς.
432 3023 502 3088 τοῖς
524 3009 585 3095 μὲν
605 3006 666 3076 οὐν
685 3017 821 3089 πολλοῖς
839 3014 945 3097 πολλὴ
968 3015 1150 3099 συγγνώμη

135 3127 233 3185 τοῦτο
256 3119 412 3206 προίττειν
441 3117 610 3203 (εὔχονται
637 3116 698 3202 μὲν
721 3120 784 3203 γδιρ
814 3119 1042 3204 εὐδαιμονεῖν,
1071 3121 1150 3205 ἀγα-

134 3237 221 3291 πῶσι
245 3221 282 3290 δὲ
304 3223 367 3290 κύν
390 3225 496 3309 μόνον
520 3225 688 3290 δύνωνται
708 3224 790 3312 ζῆν),
814 3227 903 3304 ὅστις
925 3222 962 3291 δὲ
981 3232 1085 3292 οῖεται
1105 3227 1149 3312 μὴ

134 3370 348 3378 --——.·--—-

223 3460 264 3508 19.
277 3460 310 3509 20
329 3454 377 3508 καλ
392 3451 517 3525 φανερὸν
532 3485 567 3494 -
583 3451 609 3507 εἰ
627 3451 658 3508 δὲ
678 3450 709 3507 τὸ
726 3448 852 3522 γνωστὸν
866 3471 920 3542 οφ.
935 3471 1024 3524 marg.
1039 3453 1130 3512 adscr.
1141 3455 1151 3529 ῙΙ

104 3560 145 3604 19
155 3557 245 3621 ptius
264 3553 298 3611 τύ
315 3561 382 3617 add.
403 3562 558 3637 Rose1124
579 3557 627 3620 ἐπὶ
642 3559 758 3619 Vitem:
777 3560 844 3631 περὶ
860 3543 920 3633 λδ)
