2430 3848
359 184 632 241 PROTREPTICUS
652 187 686 256 (ε.
701 185 810 255 xvln).
1050 184 1092 248 ει

77 357 185 433 ψυχῆς
209 350 409 432 κοσμήσεσιν
433 347 451 413 ὁ
474 349 576 431 νόμος
599 345 743 430 λέγεται,
771 348 854 412 ὅθεν
879 344 935 411 καλ
957 348 1093 430 νόμιμοι

76 457 250 537 γίγνονται
277 451 332 518 καλ
360 456 506 537 κόσμιοι·
537 461 640 518 ταῦτα
674 447 703 517 δ’
730 450 799 518 ἐστὶ
832 453 1027 535 δικαιοσύνη
1058 476 1093 517 τε

77 558 134 624 καλ
149 562 362 646 σωφροσύνη.
399 560 524 626 οὐκοῦν
538 559 660 625 ἐκεῖνοι
674 551 724 636 οίς
738 582 769 623 τι
787 558 878 643 μέλει
893 568 951 643 της
966 557 1094 623 ἑαυτῶν

77 674 186 749 ψυχης
208 666 291 750 πρὸς
312 673 416 729 ταῦτα
439 662 616 747 βλέποντες
638 662 794 740 καὶτοὺς
817 667 937 746 λόγους
957 669 1094 750 προσοί-

78 789 178 836 σουοι
191 782 262 847 ταῖς
275 782 407 854 ψυχαῖς,
426 770 485 847 οὓς
499 769 541 835 ἀν
560 769 691 854 λέγωσι,
710 768 764 835 καλ
783 771 841 847 τάς
859 768 992 854 πράξεις
1010 769 1119 834 άπά-ιι

79 895 154 960 σας,
182 874 237 943 καλ
265 878 377 961 δῶρον
405 875 463 941 ἐάν
490 899 522 940 τι
547 877 679 958 διδῶσι,
710 877 871 959 δώσουσι,
899 875 954 942 καὶ
980 876 1039 943 ἐάν
1061 900 1093 941 τι

78 984 303 1070 ἀφαιρῶνται,
327 982 585 1068 ἀφαιρήσονται,
615 985 698 1068 πρὸς
720 991 819 1048 τοῦτο
848 981 899 1049 ἀεὶ
926 984 985 1048 τὸν
1008 991 1093 1048 νοῦν

10 1108 61 1148 ’.ιω
79 1093 219 1175 ἔχοντες,
244 1090 332 1165 ὅπως
350 1087 392 1153 ἀν
411 1088 521 1153 αὐτῶν
537 1089 732 1172 δικαιοσύνη
752 1085 813 1172 μὲν
833 1088 870 1154 ἐν
887 1098 960 1164 ταῖς
973 1098 1093 1172 ψυχαῖς

77 1200 242 1280 γίγνηται,
267 1196 378 1260 ἀδικία
402 1193 438 1260 δὲ
462 1194 714 1279 ἀπαλλάττηται,
735 1192 790 1259 καλ
810 1196 1012 1279 σωφροσύνη
1032 1191 1093 1278 μὲν

78 1278 285 1386 ἐγγίγνηται,
320 1301 479 1366 ἀκολασία
512 1299 549 1366 δὲ
581 1301 837 1384 ἀπαλλάττηται,
869 1297 925 1366 καλ
956 1300 977 1384 ἡ
1010 1301 1092 1383 ἀλλη
1108 1320 1134 1360 ιο

78 1408 178 1494 ἀρετη
202 1408 404 1491 ἐγγίγνηται,
427 1411 525 1472 κακία
549 1405 585 1472 δέ
609 1407 698 1493 ἀπίη.
743 1409 779 1472 τί
798 1409 861 1492 γάρ
886 1409 1007 1490 ὄφελος
1030 1407 1093 1471 σῶ-

79 1517 160 1599 ματί
184 1537 221 1597 γε
249 1515 410 1598 κάμνοντι
438 1512 493 1578 καὶ
521 1520 700 1598 μοχθηρῶς
730 1513 927 1600 διακειμένῳ
955 1513 975 1597 ἦ
1007 1515 1093 1578 σιτία

78 1622 186 1685 πολλά
209 1621 342 1685 διδόναι
364 1618 420 1684 καλ
446 1621 486 1684 τά
512 1620 631 1702 ἥδιστα
658 1617 678 1703 ἢ
707 1620 790 1684 ποτά
813 1619 833 1703 ἢ
858 1621 938 1684 άλλο
967 1619 1092 1702 ὁτιοῦν,

79 1727 96 1792 ὃ
131 1728 174 1811 μη
203 1726 317 1809 ὀνησει
349 1727 451 1791 αὐτὸν
482 1723 554 1790 ἐσθ’
589 1726 607 1791 ὅ
635 1748 667 1789 τι
699 1722 801 1789 πλέον
833 1722 854 1807 ἢ
883 1724 1092 1808 τούναντίον,

77 1833 161 1899 κατά
183 1856 221 1915 γε
243 1834 303 1897 τὸν
326 1834 456 1897 δίκαιον
481 1835 597 1915 λόγον,
625 1829 681 1897 καὶ
709 1834 860 1908 έλαττον;
890 1832 959 1895 έστι
981 1840 1091 1895 ταῦτα.
1107 1850 1133 1890 15

79 1939 121 2004 ού
144 1940 207 2024 γάρ
232 1934 323 2024 οἶμαι
347 1943 531 2004 λυσιτελεῖν
554 1940 634 2022 μετὰ
652 1940 839 2022 μοχθηρίας
862 1937 1011 2020 σώματος
1036 1941 1093 2022 ζην

10 2062 64 2103 ιιι.
80 2045 264 2133 ἀνθρώπω·
289 2045 415 2129 ἀνάγκη
434 2047 498 2131 γάρ
518 2045 623 2121 οὕτως
640 2043 696 2110 καλ
716 2048 773 2127 ζῆν
791 2051 979 2129 μοχθηρῶς.
1017 2043 1093 2108 οὐκ·

80 2161 143 2216 οῦν
170 2150 226 2216 καλ
252 2153 310 2227 τάς
333 2149 511 2234 ἐπιθυμίας
537 2150 802 2235 ἀποπιμπλάναι,
832 2143 905 2215 οἷον
928 2159 1093 2215 πεινῶντα

80 2267 200 2340 φαγεῖν
233 2258 315 2322 ὅσον
347 2257 501 2339 βούλεται
529 2255 549 2339 ἢ
581 2257 730 2334 διψῶντα
761 2265 866 2336 πιεῖν,
898 2255 1094 2338 ὑγιαίνοντα

79 2358 140 2445 μέν
169 2361 268 2428 ἐῶσιν
296 2364 331 2428 οί
357 2360 464 2447 ίατρολ
495 2362 539 2438 ὡς
565 2363 606 2425 τά
633 2361 753 2443 πολλά,
786 2362 955 2445 κάμνοντα
984 2359 1021 2426 δὲ
1049 2363 1133 2439 ὡςεο

79 2472 157 2545 ἔπος
181 2471 286 2533 εἰπεῖν
310 2467 469 2533 οὐδέποτε
492 2467 592 2533 ἐῶσιν
611 2467 838 2551 ἐμπίπλασθαι
862 2461 910 2530 ὧν
928 2466 1093 2551 ἐπιθυμεῖ.

78 2575 162 2639 ἀλλά
190 2575 256 2658 μὴν
283 2572 338 2638 καὶ
365 2571 441 2658 περὶ
468 2574 579 2659 ψυχὴν
607 2573 625 2639 ὁ
650 2572 750 2649 αὐτὸς
776 2575 910 2658 τρόπος·
944 2573 1006 2650 ἕως
1032 2569 1093 2657 μὲν

79 2679 120 2745 ἀν
153 2683 284 2766 πονηρά
317 2672 353 2767 ᾗ,
386 2680 526 2764 ἀνόητός
556 2703 592 2744 τε
625 2674 709 2744 οὖσα
740 2677 796 2745 καὶ
828 2679 1008 2756 ἀκόλαστος
1038 2678 1094 2744 καὶ

79 2789 194 2864 ἀδικος
216 2785 271 2852 καὶ
295 2787 441 2870 ἀνόσιος,
465 2792 589 2871 είργειν
613 2785 717 2869 αύτην
742 2787 796 2849 δεῖ
814 2797 882 2850 τῶν
905 2786 1093 2869 ἐπιθυμιῶν

77 2892 132 2958 καλ
170 2895 214 2978 μὴ
247 2892 447 2975 ἐπιτρέπειν,
485 2889 556 2958 ἀλλ’
593 2891 677 2956 αὐτά
713 2902 822 2955 ποιεῖν
854 2889 875 2953 ἀ
908 2889 950 2954 ἀν
986 2901 1093 2956 ποιῶν
1107 2910 1133 2950 νε

79 3003 219 3082 βελτίων
248 3002 348 3064 ἐσται.
396 2999 436 3063 ού
464 2999 528 3083 γάρ
556 3019 622 3062 που
652 2996 734 3082 αὐτῇ
763 2997 901 3080 ἀμεινον
928 3005 967 3081 τη
996 3006 1093 3082 ψυχῇ.
1128 3038 1131 3043 -

10 3119 66 3161 ²5⁸1<¹
81 3107 206 3171 οὐκοῦν
238 3107 275 3171 τὸ
309 3111 432 3190 είργειν
460 3102 550 3169 ἐστλν
580 3101 638 3187 ἀφ’
671 3098 719 3168 ὧν
747 3102 906 3187 ἐπιθυμεῖ
934 3103 1093 3181 κολάζειν.

79 3214 116 3278 τὸ
139 3212 340 3290 κολάζεσθαι
363 3212 427 3296 ἀρα
449 3218 489 3294 τῇ
508 3217 597 3293 ψυχῇ
616 3210 753 3293 ἀμεινόν
776 3207 865 3273 ἐστιν
884 3207 904 3291 ἣ
924 3208 1094 3293 ἀκολασία,

79 3320 189 3403 ὥσπερ
219 3319 254 3383 oc
283 3314 400 3382 πολλοὶ
429 3322 573 3398 οίονται,
605 3312 660 3379 καλ
689 3315 726 3378 τὸ
754 3316 894 3397 κόσμιον
921 3309 1007 3379 εἶναι
1039 3314 1095 3380 καλ

152 3480 184 3529 11
200 3471 270 3545 ἀντίη
281 3475 342 3528 PK:
352 3451 438 3544 ἀπείη
452 3476 462 3544 Ι]
478 3479 512 3564 Ιχ.
527 3459 638 3564 ἀνῆλχῗι
649 3471 692 3545 u}
701 3469 758 3526 εἰυι
768 3465 1039 3536 ’διεὶοωῖκςειχχκω
1049 3464 1117 3516 ἒπει-

80 3543 192 3613 τρέπειν
208 3541 274 3600 ἀλλ’
290 3541 364 3600 ἀττα
377 3552 474 3603 ποιεῖν
490 3567 508 3619 η
525 3566 570 3618 αφ
601 3566 643 3602 ων
661 3545 783 3620 βελτίων
795 3544 819 3599 Ὦ
833 3543 901 3612 W)
916 3535 975 3607 αλλ
983 3529 1146 3588 ‹³3³sz-

1194 3590 1203 3663 λ
