2430 3848
117 182 160 247 90
526 180 717 235 IAMBLIOHI

115 346 200 427 σύνη
224 343 383 429 παρέσται
410 343 465 408 καὶ
493 342 697 429 σωφροσύνη
726 350 770 429 τῷ
802 344 951 430 μακαρίῳ
975 341 1134 426 μέλλοντι

115 453 267 533 ἔσεσθαι,
300 450 387 515 οὕτω
415 449 587 534 πράττειν,
621 449 682 514 οὐκ
710 448 890 532 ἐπιθυμίας
921 447 1027 513 ἐῶντα
1055 448 1134 514 ἀκο-

115 556 256 633 λύστους
279 551 366 621 εἶναι
388 553 443 620 καὶ
465 564 568 620 ταῦτα
596 554 826 641 ἐπιχειροῦντα
853 559 1020 639 πληροῦν,
1052 553 1134 637 ἀνη-

114 685 218 728 νυτον
240 665 353 745 κακόν,
378 668 502 746 ληστοῦ
526 665 602 745 βίον
627 665 740 740 ζῶντα.
787 661 864 725 ούτε
886 662 951 744 γὰρ
975 658 1017 724 ἀν
1041 661 1132 747 ἀλλφ

88 769 284 856 τάνθρώπῳ
308 769 498 854 προσφιλὴς
521 774 571 851 είη
591 768 609 834 ὁ
628 777 780 844 τοιοῦτος
804 767 879 832 ούτε
903 774 988 854 θεῷ·
1012 790 1132 833 κοινω-

113 887 187 941 νεῖν
209 877 273 961 γὰρ
298 872 474 949 ἀδύνατος·
505 873 569 960 ὅτῳ
597 873 662 958 γὰρ
687 873 730 956 μὴ
755 874 806 936 ἔνι
828 874 1004 954 κοινωνία,
1034 874 1131 955 φιλία

114 982 176 1047 οὐκ
204 980 246 1047 ἀν
274 986 335 1063 είη.
380 978 463 1063 φασὶ
490 976 526 1044 δὲ
550 980 585 1045 οί
606 977 707 1064 σοφοὶ
736 976 792 1043 καὶ
815 978 962 1061 οὐρανὸν
989 975 1044 1042 καλ
1067 987 1132 1062 νῦν

113 1085 168 1152 καὶ
199 1090 303 1163 θεοὺς
339 1083 393 1150 καλ
431 1085 633 1171 ἀνθρώπους
668 1087 729 1170 την
761 1087 943 1150 κοινωνίαν
976 1083 1132 1168 συνέχειν

113 1192 168 1259 καὶ
193 1197 310 1279 φιλίαν
333 1190 388 1258 καὶ
406 1195 607 1276 κοσμιότητα
625 1189 680 1256 καὶ
700 1192 927 1276 σωφροσύνην
945 1188 1001 1254 καὶ
1026 1192 1132 1256 δικαι-

74 1322 100 1360 10
115 1303 224 1383 ότητα,
247 1297 303 1365 καὶ
325 1300 363 1364 τὸ
387 1299 468 1362 ὅλον
486 1306 583 1362 τοῦτο
608 1299 663 1362 διὰ
681 1306 785 1362 ταῦτα
808 1300 934 1381 κόσμον
956 1300 1130 1379 καλοῦσιν,

114 1406 175 1470 ούκ
198 1405 361 1488 ἀκοσμίαν
386 1400 466 1468 οὐδὲ
489 1403 680 1469 ἀκολασίαν.
722 1405 783 1468 τὸν
803 1400 840 1468 δὲ
859 1404 903 1487 μὴ
922 1402 1131 1488 προσέχοντα

103 1512 243 1587 τούτοις
275 1509 420 1593 λέληθεν
452 1510 503 1574 ότι
533 1510 554 1594 ἡ
588 1511 699 1593 ίσότης
726 1509 747 1594 ἡ
775 1511 976 1595 γεωμετρικὴ
1009 1507 1065 1574 καὶ
1095 1508 1133 1574 έν

112 1624 206 1694 θεοῖς
234 1614 288 1682 καὶ
317 1616 354 1682 ἐν
386 1616 580 1703 ἀνθρώποις
607 1616 690 1701 μέγα
723 1618 874 1681 δύναται·
909 1613 952 1680 δι’
985 1615 1006 1681 ἃ
1034 1620 1131 1680 πλεο-

112 1724 225 1803 νεξίαν
250 1731 376 1790 οῖονται
401 1726 472 1789 θεῖν
496 1725 625 1790 ἀσκεῖν·
649 1726 849 1808 γεωμετρίας
871 1724 935 1807 γὰρ
959 1723 1128 1807 ἀμελοῦσι.
1143 1746 1169 1782 11

74 1849 99 1888 15
113 1833 150 1896 τὸ
183 1829 244 1915 μὲν
277 1826 339 1896 οὖν
369 1832 448 1895 όλον
480 1839 538 1913 τῆς
570 1830 769 1913 εὐδαίμονος
804 1832 886 1913 ζωῆς
917 1827 992 1914 πέρι
1025 1829 1133 1904 οὕτως

112 1939 184 2021 ἔχει.
226 1934 281 2002 καὶ
304 1936 414 2001 ἕπεται
434 1932 471 2000 δὲ
491 1935 595 2018 αὐτὴν
617 1937 655 2001 τὸ
678 1941 786 2012 καλῶς
809 1936 978 2020 αι’ρεῖσθαι
1001 1939 1131 2018 μᾶλλον

112 2049 279 2125 τελευτᾶν,
304 2035 354 2118 οἷς
373 2041 464 2107 ἐστιν
483 2039 616 2118 ἐξουσία
636 2045 694 2127 ζῇν
713 2044 756 2126 μη
775 2047 894 2124 καλῶς,
913 2038 993 2127 πρὶν
1007 2041 1130 2117 παῖδας
1144 2062 1170 2101 ετ

110 2171 145 2213 τε
173 2145 229 2212 καὶ
255 2150 334 2224 τοὺς
362 2150 472 2211 ἔπειτα
500 2149 546 2223 είς
575 2147 688 2232 ὀνείδη
717 2159 933 2232 καταστῆσαι,
966 2144 1021 2212 καλ
1049 2144 1131 2233 πρὶν

110 2255 189 2330 τοὺς
211 2252 353 2339 πατέρας
375 2251 487 2318 τεκαὶ
513 2261 579 2318 πᾶν
604 2255 640 2317 τὸ
664 2257 816 2338 πρόσθεν
839 2253 936 2335 γένος
959 2255 1129 2337 αἰσχῦναι·

71 2379 98 2418 20
113 2362 157 2447 τῷ
182 2361 245 2447 γὰρ
268 2363 347 2437 τοὺς
370 2359 475 2425 αὑτοῦ
499 2361 694 2445 αίσχύναντι
723 2360 868 2443 ἀβίωτόν
891 2358 970 2442 ἐστι,
999 2358 1055 2425 καὶ
1082 2370 1129 2448 τῷ

110 2469 251 2554 τοιούτῳ
276 2468 352 2531 οὔτε
375 2491 425 2543 τις
447 2467 638 2548 ἀνθρώπων
662 2467 738 2532 οὔτε
757 2473 848 2531 θεῶν
867 2468 966 2551 φίλος
989 2465 1129 2551 ὑπάρχει

112 2570 181 2637 οὔτ’
214 2572 267 2638 ἐπὶ
295 2583 356 2656 γης
389 2573 465 2637 ούτε
493 2573 557 2637 ὑπὸ
589 2582 653 2656 γῆν
682 2575 922 2656 τελευτήσαντι.
968 2573 1030 2658 χρη
1065 2568 1129 2638 οὖν

110 2679 217 2742 ποίντα
249 2679 372 2760 ἀνδρα,
410 2676 468 2742 έοίν
500 2700 533 2742 τι
564 2677 618 2742 καλ
651 2679 732 2744 ἀλλο
770 2679 868 2763 ἀσκῇ,
906 2673 975 2762 μετ’
1011 2677 1129 2764 ἀρετῆς

111 2783 240 2867 ἀσκεῖν,
267 2784 379 2848 εἰδότα
402 2783 453 2847 ότι
475 2783 597 2847 τούτου
620 2786 798 2867 λειπόμενα
821 2785 950 2848 ἅπαντα
972 2782 1028 2849 καὶ
1051 2788 1127 2867 κτή-

71 2909 97 2947 25
111 2915 196 2974 ματα
223 2889 277 2954 καὶ
311 2889 552 2975 ἐπιτηδεύματα
581 2892 700 2976 αἰσχροὶ
731 2888 786 2955 καὶ
817 2890 909 2954 κακοί.
956 2891 1032 2955 ούτε
1063 2893 1128 2976 γὰρ

111 3002 253 3072 πλοῦτος
280 2995 400 3072 κάλλος
428 2996 523 3080 φέρει
551 3004 596 3083 τῷ
621 2994 809 3084 κεκτημένῳ
837 2997 917 3081 μετὰ
945 2996 1129 3080 ἀνανδρίας

201 3193 241 3242 16.
261 3206 288 3257 p.
304 3193 346 3256 91,
361 3193 394 3241 21
416 3186 489 3242 Plat.
509 3188 617 3243 Meuex,
636 3206 663 3258 p.
679 3194 731 3243 246
742 3187 855 3243 D-247
865 3187 895 3242 Β.

112 3299 325 3306 ——.-—-—-

202 3371 233 3419 13
249 3359 288 3418 δι’
300 3359 319 3418 ἃ
330 3364 430 3434 scripsi
444 3382 495 3434 pro
510 3360 572 3420 διίιε
587 3360 632 3419 διὸ
648 3363 692 3432 (cf.
703 3365 879 3421 Valckenaor
893 3365 929 3418 ad
943 3364 1009 3420 Eur.
1020 3364 1127 3422 Phoen.

108 3476 159 3551 ιιι
176 3489 208 3550 P.-
224 3472 287 3540 τοι)
305 3470 400 3525 neseio
418 3471 492 3526 unde
511 3469 550 3524 R:
571 3469 600 3526 ιι
617 3469 648 3526 ω
668 3470 768 3526 Vitelli
781 3473 790 3540 χ
806 3478 839 3526 ιτ
859 3449 948 3525 εοεόλ
967 3473 977 3540 χ
997 3476 1029 3525 16
1054 3467 1126 3543 τοις

91 3543 215 3607 ενιηιειί
230 3541 262 3593 K
268 3544 285 3612 fs
297 3549 332 3598 20
351 3537 444 3598 αύτοῦ
458 3545 468 3615 ss
483 3549 518 3599 26
538 3539 722 3614 ἀνανδρείας.
