2416 3840
122 183 186 248 120
535 183 722 239 IAMBLICHI

121 357 214 428 σῶμα
246 348 563 430 καταλαμβανούσας
594 349 795 431 νοσοκομίας
825 369 860 411 τε
891 344 947 410 καὶ
980 346 1133 430 ἀσχολίας

120 452 352 530 ἀδιαλείπτως
375 453 585 537 ἐμποιούσας.

67 563 108 632 ιγ’
212 560 258 624 Τὸ
289 557 326 624 δὲ
358 566 456 624 θεοῦ
488 561 611 625 τύπον
643 562 691 644 μὴ
724 559 915 644 ἐπίγλυφε
939 560 1133 646 δακτυλίῳ

121 667 202 729 κατά
216 667 277 749 τὴν
291 671 535 751 προλεχθεῖσαν
550 669 686 732 ἔννοιαν
699 674 869 752 προτροπῇ
881 674 999 750 χρῆται
1008 665 1132 751 τοιᾷδε·

94 793 107 832 ε
121 775 301 857 φιλοσόφει
314 771 370 837 καὶ
384 772 580 856 ἀσωμάτους
591 774 657 859 πρὸ
675 775 799 849 παντὸς
812 773 897 856 ἡγοῦ
914 775 1019 849 θεοὺς
1032 772 1133 858 ὑπάρ

122 898 205 961 χειν·
237 880 274 943 τὸ
307 880 370 964 γάρ
401 880 607 963 κυριώτατον
636 879 760 964 ῥίζωμα
788 889 856 942 τῶν
885 883 1132 964 Πυθαγορικῶν

122 984 297 1068 δογμάτων
319 980 409 1050 τοῦτ’
436 985 542 1069 ἐστίν,
570 984 604 1063 ἐξ
632 978 673 1050 οὗ
699 987 740 1050 τά
765 985 872 1049 πάντα
896 985 1017 1068 σχεδὸν
1040 986 1132 1069 ἤρτη

122 1114 175 1155 ται
200 1088 256 1156 καὶ
283 1088 343 1175 ὑφ’
375 1085 416 1155 ού
444 1089 539 1177 μέχρι
569 1089 695 1167 τέλουςΙ
712 1091 923 1175 κρατύνεται·
955 1092 999 1174 μὴ
1025 1094 1133 1176 νόμιζε

123 1195 158 1262 δὲ
191 1207 336 1282 μορφαῖς
368 1198 490 1274 αὐτοὺς
521 1203 703 1281 κεχρῆσθαι
738 1198 814 1262 ὅσαι
846 1193 910 1261 είσδ
942 1201 1133 1281 σωματικαί,

81 1327 107 1363 10
121 1301 204 1388 μηδὲ
233 1301 480 1383 προσδεδέσθαι
507 1302 686 1367 ὑποστάσει
714 1301 810 1388 ὑλικῇ
837 1301 893 1368 καὶ
923 1293 997 1367 οἷον
1026 1305 1133 1391 δεσμςῦ

121 1410 222 1494 ὑλικῷ
248 1409 384 1490 σώματι,
409 1407 518 1493 ὥσπερ
541 1409 582 1472 τά
604 1409 687 1474 άλλα
711 1412 785 1498 ζῷα.
823 1410 860 1474 αἱ
881 1406 917 1475 δὲ
940 1408 994 1475 ἐπὶ
1019 1412 1134 1475 δακτυ

121 1517 205 1590 λίοις
227 1513 353 1599 γλυφαδ
381 1516 441 1580 τόν
463 1536 497 1578 τε
523 1514 646 1599 δεσμὸν
669 1513 714 1580 δι’
742 1515 846 1581 αὐτοῦ
872 1525 933 1582 τοῦ
956 1518 1135 1583 δακτυλίου

122 1621 322 1706 ἐμφαίνουσι
346 1619 401 1685 καὶ
424 1621 485 1703 τὴν
510 1623 722 1705 σωματότητα
746 1624 784 1687 τό
807 1644 841 1686 τε
860 1623 1025 1705 αἰσθητὸν
1048 1619 1136 1700 εἶδος
1147 1641 1177 1684 ιιι

121 1726 176 1792 καὶ
200 1728 326 1793 ὡσανεί
344 1751 436 1804 τινος
458 1737 526 1792 τῶν
550 1725 601 1792 ἐπὶ
625 1727 746 1814 μέρους
771 1726 862 1815 ζῴων
886 1729 942 1793 διά
960 1739 1018 1814 τῆς
1037 1734 1136 1812 γλυπ-

82 1855 106 1894 15
121 1843 179 1918 τῆς
206 1837 415 1923 προσόψεως,
444 1829 483 1917 ἦς
509 1833 690 1919 χωριστέον
718 1835 858 1919 μάλιστα
886 1836 923 1899 τὸ
950 1846 1019 1900 τῶν
1046 1842 1136 1902 θεῶν

121 1941 218 2024 γένος
242 1942 286 2017 ὡς
309 1941 420 2005 ἀίδιόν
447 1963 482 2003 τε
506 1937 561 2004 καί
584 1943 706 2024 νοητὸν
729 1940 783 2006 καὶ
807 1942 889 2006 κατδι
913 1942 953 2006 τά
977 1941 1062 2006 αύτά
1083 1940 1136 2007 καλ

122 2048 279 2122 ὡσαύτως
307 2044 357 2111 άεὶ
390 2048 481 2128 ἔχον,
515 2046 560 2122 ὡς
588 2044 624 2110 ἐν
651 2055 696 2133 τῷ
726 2046 811 2132 Περὶ
843 2054 927 2113 θεοῦ
961 2049 1054 2125 ίδίως
1083 2046 1177 2112 καὶαι

121 2151 328 2236 πληρέστατα
351 2155 601 2235 τεχνολογεῑται.

67 2264 110 2320 κδ’
214 2259 259 2322 Τὸ
280 2252 316 2322 δδ
334 2259 437 2341 παρά
455 2257 603 2342 λύχνον
622 2260 670 2343 μὴ
689 2257 923 2345 ἐσοπτρίζου
942 2264 1137 2347 Πυθαγορι-

81 2388 107 2426 ιο
120 2367 267 2450 κῶτερον
290 2366 511 2449 συμβουλεύει
534 2366 571 2429 τὸ
596 2369 775 2451 φιλοσόφει
793 2366 838 2450 μὴ
857 2366 1072 2452 προστρέχων
1093 2370 1136 2452 μη

120 2485 191 2549 ταῖς
221 2470 291 2537 κατ’
323 2477 484 2554 αἴσθησιν
512 2475 726 2556 φαντασίαις,
760 2473 882 2549 αἵτινες
909 2483 981 2558 φῶς
1014 2473 1075 2559 μέν
1106 2498 1137 2539 τι

120 2577 195 2661 περὶ
223 2579 280 2653 τὰς
307 2580 507 2659 καταλήψεις
533 2587 684 2660 ποιοῦσι,
715 2575 906 2663 λνγνοειδδς
937 2578 1052 2664 μέντοι
1084 2579 1137 2646 καὶ

122 2681 196 2767 οὐχὶ
219 2684 364 2766 φυσικὸν
388 2679 469 2747 οὐδὲ
492 2683 627 2767 ἀληθές,
651 2684 734 2749 άλλδι
752 2690 879 2768 μᾶλλον
901 2697 973 2763 ταῖς
996 2689 1137 2752 κατὰτὸ

121 2790 276 2872 νοητικὸν
296 2788 573 2874 ἐπιστημονικαῐς,
594 2788 649 2876 ἀφ’
673 2786 721 2856 ὧν
742 2792 953 2877 λαμπροτάτη
971 2815 1023 2870 τις
1040 2793 1138 2858 εὐαν-

82 2914 107 2953 25
121 2898 177 2979 γία
195 2894 251 2961 καὶ
271 2895 506 2973 άδιάπταιστος
523 2894 600 2981 περὶ
618 2898 655 2960 τὸ
674 2906 732 2980 της
749 2906 858 2982 ψυχῆς
876 2900 965 2983 ὄμμα
983 2904 1139 2966 συνίστα-

120 3025 174 3066 ται
192 3025 264 3063 *ε*
283 3001 316 3079 ἐξ
336 3001 492 3067 ἁπάντων
513 3013 580 3067 τῶν
598 3004 774 3087 νοημάτων
793 3003 922 3087 καὶτῆς
940 3003 1017 3087 περὶ
1035 3016 1138 3073 ταῦτα

120 3109 281 3191 θεωρίας,
310 3102 381 3171 ἀλλ’
409 3108 470 3173 οὐκ
498 3108 623 3173 ἐκτῶν
646 3121 842 3195 σωματικῶν
868 3109 924 3175 καὶ
952 3113 1138 3195 αἰσθητῶν·

122 3214 158 3278 ἐν
186 3223 322 3298 συνεχεῖ
348 3216 412 3299 γὰρ
435 3223 548 3280 ταῦτα
576 3214 671 3300 ῥύσει
702 3215 757 3281 καὶ
789 3220 953 3301 μεταβολῇ
980 3220 1139 3296 πολλάκις

120 3328 335 3339 1———-—-—

194 3377 227 3424 10
241 3368 453 3438 προσδεδέσθαι
462 3371 574 3427 Vitelli:
590 3371 800 3443 προσδέχεσθαι
813 3378 823 3444 ss
839 3381 872 3428 14
882 3370 919 3437 ὡς
933 3368 970 3428 ἂν
985 3376 1017 3430 εί
1024 3378 1035 3445 ΙΙ
1049 3383 1084 3430 20
1098 3375 1138 3430 al·

119 3477 221 3558 terum.
229 3472 269 3544 μὴ
288 3475 438 3558 δεΙευδοιυ
453 3479 462 3546 ΙΙ
476 3483 511 3532 24
529 3455 640 3547 lanqff‘
652 3480 690 3550 (h.
707 3497 729 3535 e.
745 3482 975 3549 proparoxyton.)
989 3483 998 3551 ΙΙ
1012 3487 1048 3536 26
1062 3482 1139 3538 laeu-

103 3561 172 3597 που]
192 3563 314 3616 αμυσαι.
