2430 3848
358 164 807 253 Pssowsssspwlcus(0.v.vn.
1047 183 1090 247 37

74 346 301 431 συμμιγνύναι
319 357 391 423 ταῖς
412 346 579 422 τοιαύταις
603 348 826 431 παρακλήσεσι
849 347 907 423 τάς
927 346 1010 431 πρὸς
1032 346 1092 411 τὸν

73 453 245 518 πολιτικὸν
275 450 332 516 καὶ
364 452 545 537 πρακτικὸν
577 453 653 534 βίον
683 452 881 538 προτροπάς.
932 447 997 517 ὧδε
1030 447 1092 517 οὑν

73 557 238 642 λέγωμεν·
255 559 296 622 τά
314 557 515 642 ὑποκείμενα
533 558 616 642 πρὸς
634 559 693 623 τὸν
712 560 788 642 βίον
807 559 899 642 ἡμῖν,
919 550 992 624 οἷον
1011 558 1091 644 <τὸ>

74 675 169 748 σῶμα
192 662 248 728 καὶ
263 664 352 749 (vde)
374 661 450 747 περὶ
477 665 515 729 τὸ
544 675 653 748 σῶμα,
681 665 834 750 καθάπερ
863 665 991 747 όρχανά
1017 688 1092 730 τινα

73 772 255 853 ὑπόκειται,
278 771 407 835 τούτων
431 768 460 834 δ’
489 769 701 848 ἐπικίνδυνός
725 769 816 836 ἐστιν
838 769 859 854 ἡ
882 780 1014 856 χρῆσις,
1037 768 1118 836 καὶὸ

73 876 176 943 πλέον
206 877 352 961 θάτερον
385 876 597 963 ἀπεργάζεται
629 889 699 954 τοῖς
731 879 775 963 μὴ
804 879 947 955 δεόντως
979 878 1093 954 αύτοῑς

20 1005 59 1046 ιε.
74 982 266 1069 χρωμένοις.
314 985 368 1049 ὑεῖ
391 986 509 1049 τοίνυν
532 982 713 1069 ὀρέγεσθαι
736 993 794 1068 της
818 985 996 1070 ἐπιστήμης
1017 995 1093 1050 κτᾶ-

76 1094 161 1155 σθαί
181 1112 217 1154 τε
240 1089 344 1174 αὐτὴν
367 1087 422 1154 καὶ
445 1095 592 1175 χρῆσθαι
615 1089 699 1174 αὐτῇ
717 1092 963 1174 προσηκόντως,
987 1089 1033 1157 δι’
1055 1087 1093 1175 ἧς

20 1222 62 1262 ια.
78 1196 185 1262 πάντα
212 1204 315 1260 ταῦτα
344 1189 381 1259 εὖ
403 1196 591 1279 θησόμεθα.
638 1194 887 1280 φιλοσοφητέον
916 1197 979 1280 άρα
1002 1197 1093 1280 ἡμῖν,

75 1305 107 1369 εί
128 1301 291 1387 μέλλομεν
310 1301 422 1387 ὀρθῶς
440 1302 697 1367 πολιτεύσεσθαι
716 1299 771 1366 καὶ
789 1303 849 1367 τὸν
868 1300 996 1368 ἑαυτῶν
1015 1305 1092 1387 βίον
1107 1320 1133 1359 10

75 1408 201 1487 διάξειν
238 1409 420 1493 ὠφελίμως.
476 1411 522 1473 ἔτι
559 1411 676 1474 τοίνυν
715 1410 812 1475 άλλαι
848 1408 909 1494 μέν
941 1412 1027 1476 εἰσιν
1060 1410 1098 1473 αί

75 1525 233 1581 ποιοῦσαι
252 1514 392 1580 ἕκαστον
410 1525 478 1580 τῶν
502 1515 538 1580 ἐν
560 1523 606 1604 τῷ
626 1519 688 1604 βίφ
708 1517 1003 1600 πλεονεκτημάτων
1027 1517 1094 1582 ἐπι-

76 1631 208 1708 στῆμαι,
232 1622 329 1687 όίλλαι
353 1618 389 1687 ὑὲ
413 1623 450 1687 αί
471 1621 637 1706 χρώμεναι
659 1622 809 1705 ταύταις,
834 1620 889 1687 καλ
912 1625 1009 1689 άλλαι
1033 1620 1094 1708 μὲν

76 1730 114 1793 αί
129 1728 364 1812 ὑπηρετοῦσαι,
386 1726 493 1813 ἕτεραι
513 1723 550 1792 δὲ
569 1727 608 1792 αί
618 1726 860 1810 ἐπιτάττουσαι,
879 1727 916 1792 ἐν
933 1713 985 1806 αἷς
1003 1729 1094 1794 ἐστιν

77 1835 122 1911 ὡς
140 1833 182 1899 άν
200 1832 498 1919 ἡγεμονικωτέραις
516 1834 743 1919 ὑπαρχούσαις
761 1835 799 1898 τὸ
817 1837 941 1919 κυρίως
960 1834 1135 1918 &vm-1⁵

76 1943 153 2006 θόν.
199 1941 231 2005 εί
251 1942 368 2005 τοίνυν
391 1943 477 2025 μόνη
501 1941 521 2024 η
545 1951 607 2007 τοῦ
626 1944 754 2026 κρίνειν
773 1944 896 2026 ἔχουσα
913 1943 974 2026 τὴν
994 1941 1095 2028 ὀρθό-

77 2069 158 2131 τητα
185 2045 241 2112 καλ
268 2047 289 2130 ἡ
312 2055 357 2135 τῷ
381 2049 470 2135 λόγφ
494 2047 646 2133 χρωμένη
675 2046 730 2112 καὶ
753 2048 774 2133 η
797 2050 835 2114 τὸ
860 2049 940 2114 ὅλον
964 2047 1095 2132 άχαθὸν

77 2159 266 2240 θεωροῦσα,
290 2155 362 2238 ἥτις
380 2151 449 2218 ἐστὶ
469 2156 664 2239 φιλοσοφία,
688 2161 836 2240 χρῆσθαι
854 2164 935 2220 πᾶσι
953 2153 1007 2221 καὶ
1026 2153 1094 2220 ἐπι-

77 2259 207 2325 τάττειν
229 2261 312 2325 κατά
336 2261 441 2345 φύσιν
465 2261 615 2343 δύναται,
641 2261 889 2346 φιλοσοφητέον
913 2261 1096 2338 ἐκπαντὸς

78 2368 220 2450 τρόπου,
249 2366 293 2444 ὡς
316 2369 421 2450 μόνης
447 2370 650 2451 φιλοσοφίας
677 2368 740 2450 τὴν
768 2367 877 2451 ὀρθὴν
902 2371 1014 2451 κρίσιν
1041 2365 1095 2431 καὶ
1110 2384 1136 2423 2⁰

78 2475 140 2558 την
155 2473 387 2558 ἀναμάρτητον
407 2473 616 2557 ἐπιτακτικὴν
635 2475 804 2558 φρόνησιν
823 2473 860 2538 ἐν
875 2471 974 2558 ἑαυτῇ
990 2495 1096 2557 περιε-

78 2581 211 2664 χούσης.
248 2582 296 2646 ἔτι
314 2583 442 2663 τοίνυν,
466 2578 535 2646 ἐπεὶ
554 2581 594 2645 τά
618 2581 744 2646 δυνατά
766 2577 821 2645 καὶ
841 2577 992 2664 ὠφέλιμα
1014 2579 1096 2643 πάν-

78 2710 131 2764 τες
159 2687 361 2772 αἱρούμεθα,
394 2685 632 2771 παραθεικτόον
661 2687 705 2763 ὡς
733 2695 778 2774 τῷ
803 2691 1004 2771 φιλοσοφεῖν
1038 2686 1097 2770 άμ-

80 2794 206 2880 φότερα
233 2802 335 2859 ταῦτα
362 2792 517 2878 ὑπάρχει,
549 2790 605 2857 καλ
633 2793 683 2857 ὅτι
716 2793 777 2876 την
804 2793 1008 2875 χαλεπότητα
1039 2801 1097 2875 τῆς

79 2903 224 2984 κτήσεως
241 2898 485 2985 ὑποδεεστέρου
505 2901 570 2983 ἔχει
588 2907 649 2963 τοῦ
665 2896 830 2982 μεγέθους
848 2907 905 2980 τῆς
920 2897 1096 2982 ὠφελείας·
1110 2914 1136 2954 25

80 3008 119 3071 τά
144 3008 206 3093 γάρ
231 3003 301 3093 ῥᾴω
324 3006 444 3083 πάντες
466 3006 565 3088 ἥδιον
584 3014 762 3089 πονοῦμεν.
805 3000 935 3088 ὅτιμὲν
959 2999 1097 3081 οὖντὰς

81 3259 114 3309 63
140 3188 195 3323 ἂρ.
210 3201 236 3252 p.
251 3186 322 3250 41,5
337 3180 453 3236 Aristot.
468 3181 558 3238 Protr.
573 3181 605 3236 fr.
621 3186 654 3235 52
664 3179 736 3236 Rose
752 3179 805 3248 (ed.
817 3178 921 3234 Teubn.
935 3186 1016 3248 μου,
1028 3184 1097 3233 17-
1160 3239 1165 3246 ,

118 3298 124 3323 ,
189 3296 195 3309 .

154 3421 170 3468 3
185 3412 217 3468 τὸ
232 3416 262 3468 eb
274 3419 292 3468 4
305 3409 341 3468 τά
356 3411 468 3469 addidit
481 3413 518 3468 K:
539 3411 670 3481 equidem
687 3411 776 3467 τετοῦ.
794 3407 859 3492 οἷον
876 3409 962 3490 οζορυι
978 3408 1034 3459 καλ
1044 3405 1117 3479 πτολ.

82 3480 113 3539 τὸ
129 3485 209 3554 σῶμα
222 3484 320 3566 οὑεεεε
332 3485 431 3541 malim
444 3487 456 3556 ss
472 3491 504 3541 13
524 3483 661 3559 tomheae]
672 3480 792 3548 τούτοις
808 3480 932 3550 mm
938 3477 1051 3542 an
1063 3485 1139 3520 mx-

79 3555 197 3610 bendum
218 3555 327 3611 ndetur
344 3557 391 3629 (ολ.
404 3577 435 3630 p.
451 3565 497 3634 41,
515 3562 543 3634 2)
564 3555 781 3618 ἀποδεικτέον.
