2416 3840
123 185 186 249 124
528 182 721 237 IAMBLICHI

66 353 107 425 λβ
216 348 260 411 Τὸ
291 342 327 411 δέ
355 346 642 432 ἄποκαρμάτων
670 355 748 410 σῶν
779 343 842 410 καὶ
870 343 1132 428 ἀπονυχισμά-

120 476 197 517 των
219 454 414 519 κατάπτυε
438 453 526 537 λέγει
548 461 661 517 τοῦτο·
690 451 965 536 εὐκαταφρόνητα
994 452 1035 514 τά
1058 452 1134 535 σύμ-

121 582 211 642 φυτα
234 558 295 643 μέν
315 576 379 642 σοι,
404 559 592 643 άψυχότερα
611 557 651 623 δέ
666 580 747 641 πως,
771 559 881 642 ὥσπερ
903 557 1082 641 τιμιώτερα
1099 557 1134 620 τὰ

122 667 345 751 νυχικώτερα·
367 667 472 741 οὕτως
488 666 528 748 θη
543 663 597 729 καὶ
615 663 751 729 ἐπειδάν
770 668 971 748 φιλοσοφεῖν
990 662 1135 748 ἐπιβάλῃ,

97 775 266 858 δπροτίμα
289 769 350 855 μὲν
373 772 414 836 τὰ
438 772 493 836 διὰ
516 781 624 855 ψυχῆς
645 768 701 835 καὶ
719 778 783 836 νοῦ
806 772 888 835 άυευ
911 771 1136 854 αἰσθητηρίων

124 878 389 962 ἀποδεικνύμενα
413 880 469 942 διὰ
490 869 743 962 θεωρηματικης
763 876 952 960 ἐπιστήμης,
975 873 1136 961 καταφρό-

124 1007 174 1048 νει
199 981 236 1048 θὲ
259 982 314 1048 καὶ
334 984 496 1048 κατάπτυε
514 995 582 1048 τῶν
600 985 682 1048 ἄνευ
700 989 859 1065 νοητικοῦ
878 981 990 1065 φωτὸς
1009 979 1137 1060 δοξαζ-

124 1090 235 1175 μένων
259 1092 315 1155 διὰ
338 1101 405 1155 τῶν
429 1092 613 1175 συμφύτων
636 1094 741 1166 ψιλῶς
765 1089 1011 1172 αἰσθητηρίων,
1039 1086 1137 1172 θμη-

124 1197 193 1263 κε’τι
216 1197 348 1263 εὐτονεῖ
367 1205 407 1280 τῇ
431 1205 491 1260 τοῦ
515 1205 577 1260 νοῦ
600 1195 763 1278 άιδιότητι
786 1204 1021 1277 παρομαρτεῖν.

71 1308 111 1378 ιγ’
218 1305 263 1366 ss>
293 1299 328 1366 δὲ
357 1301 550 1386 ἐρυθῖνον
578 1301 626 1384 μὴ
655 1299 964 1385 προσλαμβάνον
987 1302 1179 1382 φαίνεταιῖῦ

87 1429 111 1465 11
126 1411 208 1494 πρὸς
230 1409 292 1491 την
315 1416 375 1472 τοῦ
399 1408 563 1490 ὀνόματος
586 1407 806 1492 ἐτυμολογίαυ
832 1407 935 1489 ψιλὴν
959 1408 1139 1489 συμβεβλη-
1151 1421 1181 1463 16⁸

127 1521 216 1579 σθαι.
264 1513 539 1598 ιἰπηρυθριακότα
571 1515 635 1599 γὰρ
667 1512 723 1578 καὶ
751 1513 974 1596 ἀναίσχυντον
1002 1513 1047 1595 μὴ
1077 1512 1140 1576 ε’πι-

128 1619 227 1704 θέχον
255 1622 454 1705 ἄνθρωπον,
487 1619 507 1703 ἢ
537 1621 572 1686 ἐκ
599 1631 660 1686 τοῦ
688 1620 842 1686 ἐναντίου
869 1624 1063 1702 καταπλῆγα
1089 1616 1142 1682 καὶ

127 1727 164 1793 ἐν
191 1727 291 1793 παντὶ
319 1726 397 1792 καθ’
428 1728 619 1811 ὑπερβολὴν
646 1726 856 1811 ἐρυθριῶντα
886 1724 941 1789 καὶ
969 1726 1142 1790 ταπεινού-

87 1852 112 1891 1⁵
127 1859 230 1919 μενον
262 1835 327 1899 ὑπό
359 1857 394 1898 τε
426 1843 490 1899 νοῦ
522 1831 576 1898 καὶ
609 1833 776 1908 ἀσθενοῦς
809 1834 967 1907 διανοίας.
1019 1833 1076 1896 διὰ
1108 1827 1142 1896 δὲ

127 1943 249 2006 τούτου
273 1952 399 2005 νοεῖται
423 1942 459 2004 τὸ
484 1941 527 2024 μη
552 1940 652 2016 αὐτὸς
674 1947 826 2015 τοιοῦτος
849 1944 929 2003 ίσθι.

74 2052 114 2106 ιδ’
222 2048 267 2110 Τὸ
301 2043 338 2110 δὲ
369 2047 514 2129 χύτρας
546 2051 655 2128 ίχνος
688 2045 760 2110 ἀπὸ
793 2045 944 2109 σποδοῦ
981 2043 1143 2127 άφάνιζε

129 2155 282 2235 σημαίνει
301 2153 492 2236 συγχύσεως
510 2149 565 2215 καὶ
587 2161 782 2235 παχυτῆτος,
807 2152 887 2235 ὅπερ
911 2148 980 2216 ἐστὶ
1004 2166 1144 2234 σωματι-

128 2269 197 2322 κῶν
216 2255 271 2323 καὶ
291 2258 463 2341 αίσθητῶν
481 2257 694 2341 άποθειξεων,
719 2257 988 2323 ἐκλανθάνεσθαι
1007 2262 1144 2340 φιλοσο-

88 2382 114 2422 20
129 2375 207 2451 φεῖν
231 2364 503 2449 ἐπιβαλλόμενον,
527 2375 662 2447 νοηταῖς
686 2360 722 2429 δὲ
745 2371 892 2449 χρῆσθαι
915 2367 1043 2447 μᾶλλον
1067 2362 1144 2427 ἀπο-

39 2515 42 2520 ,
129 2471 280 2549 δείξεσιν.
326 2471 346 2553 ἡ
376 2468 413 2535 δὲ
443 2472 566 2547 σποδὸς
595 2469 668 2534 ἀντὶ
692 2479 749 2554 τῆς
772 2472 897 2545 κόνεως
918 2477 976 2552 τῆς
1000 2467 1055 2533 ἐπὶ
1078 2478 1146 2545 τοῖς

76 2629 78 2632 .
129 2576 225 2658 άβαξι
244 2579 456 2659 παρελήφθη,
476 2573 529 2660 ἐφ’
547 2572 585 2658 ἧς
600 2577 636 2640 αί
652 2576 836 2654 ιἰποὸειἘεις
855 2577 1146 2660 συμπεραίνονται.

75 2685 113 2741 λε’
219 2683 378 2766 Χρυσὸν
407 2679 443 2746 δὲ
468 2681 610 2766 ἐχούση
640 2684 687 2765 μη
717 2686 905 2767 πλησιάζε
928 2679 991 2746 ἐπὶ
1013 2705 1147 2747 τεκνο-

129 2790 254 2874 ποιίμ,
278 2787 319 2851 οὐ
342 2784 476 2869 γυναικὶ
499 2784 601 2871 λέγει,
626 2785 697 2853 ἀλλ’
725 2789 849 2872 αίρέσει
872 2785 927 2853 καὶ
951 2792 1146 2875 φιλοσοφίᾳ,

89 2913 115 2952 25
129 2885 212 2978 ᾗπέρ
237 2894 304 2958 ἐστι
323 2895 409 2957 πολὺ
428 2895 465 2958 τὸ
486 2896 674 2977 σωματικὸν
693 2893 747 2962 καὶ
765 2895 958 2979 κατάφορον
980 2896 1027 2971 είς
1045 2896 1147 2980 βαρύ·
1159 2907 1185 2948 ῦῑ

129 3023 216 3082 τητα.
258 3001 393 3065 πάντων
416 3001 480 3085 γάρ
504 3011 571 3064 τῶν
595 2998 647 3065 ἐπὶ
666 3010 726 3084 γῆς
744 3000 932 3084 βαρύτατον
950 3000 1075 3084 χρυσὸς
1092 2998 1146 3066 καὶ

129 3115 185 3190 της
207 3103 259 3170 ἐπὶ
277 3107 315 3169 τὸ
335 3106 437 3189 μέσον
456 3115 563 3190 φορᾶς
582 3107 769 3189 θιωκτικόν,
794 3106 874 3190 ὅπερ
892 3106 1018 3191 βάρους
1037 3122 1147 3192 σωμα-

129 3221 222 3277 τικοῦ
237 3212 335 3276 ίὸιον.
372 3213 409 3277 τὸ
425 3209 462 3278 δὲ
480 3213 713 3295 πλησιάζειν
732 3212 773 3278 οὐ
792 3215 898 3296 μόνον
912 3215 1146 3296 συγγίνεσθαι,
1161 3225 1185 3268 ιν

130 3318 213 3383 ἀλλὰ
240 3316 295 3382 καὶ
323 3321 529 3402 σννεγγίζειν
560 3316 628 3383 ἐστὶ
657 3317 713 3384 καὶ
739 3321 882 3402 πλησίον
911 3320 1148 3385 καθίστασθαι.

222 3481 254 3528 10
275 3439 430 3544 ἐρυθρῖνον
449 3477 557 3548 (littera
575 3495 590 3541 ρ
610 3492 644 3529 ex
663 3479 753 3545 corn).
773 3475 808 3531 cf.
823 3476 860 3530 ad
873 3494 900 3546 p.
918 3479 977 3544 108,
992 3478 1008 3530 8
1023 3477 1082 3545 1122
1098 3470 1147 3545 ἐφ’

114 3538 152 3610 ᾖε·
169 3546 248 3615 κτλ]
266 3545 302 3600 οἷ,
322 3546 377 3606 Vit.
391 3546 475 3622 Pyth.
490 3566 521 3622 p.
539 3551 581 3616 18,
597 3552 631 3602 13
641 3565 681 3617 sq.
693 3546 751 3601 M.
