<?xml version="1.0" encoding="UTF-8"?>
<!DOCTYPE html PUBLIC "-//W3C//DTD XHTML 1.0 Transitional//EN"
    "http://www.w3.org/TR/xhtml1/DTD/xhtml1-transitional.dtd">
<html xmlns="http://www.w3.org/1999/xhtml" xml:lang="en" lang="en">
 <head>
  <title>
</title>
<meta http-equiv="Content-Type" content="text/html;charset=utf-8" />
  <meta name='ocr-system' content='tesseract 3.04.00' />
  <meta name='ocr-capabilities' content='ocr_page ocr_carea ocr_par ocr_line ocrx_word'/>
</head>
<body>
  <div class='ocr_page' id='page_1' title='image "./iamblichiprotre00jambgoog_0099.png"; bbox 0 0 2430 3848; ppageno 0'>
   <div class='ocr_carea' id='block_1_1' title="bbox 131 158 731 224">
    <p class='ocr_par' dir='ltr' id='par_1_1' title="bbox 131 158 731 224">
     <span class='ocr_line' id='line_1_1' title="bbox 131 158 731 224; baseline 0 -11"><span class='ocrx_word' id='word_1_1' title='bbox 131 159 174 224; x_wconf 83' lang='lat'><strong><em>80</em></strong></span> <span class='ocrx_word' id='word_1_2' title='bbox 539 158 731 215; x_wconf 84' lang='lat' dir='ltr'><strong>IAMBLIGHI</strong></span> 
     </span>
    </p>
   </div>
   <div class='ocr_carea' id='block_1_2' title="bbox 90 321 1208 3279">
    <p class='ocr_par' dir='ltr' id='par_1_2' title="bbox 90 321 1208 3279">
     <span class='ocr_line' id='line_1_2' title="bbox 130 321 1148 408; baseline 0.003 -22"><span class='ocrx_word' id='word_1_3' title='bbox 130 321 243 405; x_wconf 78' lang='grc' dir='ltr'><strong><em>ἐπειδὴ</em></strong></span> <span class='ocrx_word' id='word_1_4' title='bbox 272 324 355 408; x_wconf 89' lang='grc' dir='ltr'><strong><em>πρὸς</em></strong></span> <span class='ocrx_word' id='word_1_5' title='bbox 381 324 418 387; x_wconf 92' lang='grc' dir='ltr'><strong><em>τὸ</em></strong></span> <span class='ocrx_word' id='word_1_6' title='bbox 447 334 519 405; x_wconf 81' lang='grc' dir='ltr'><strong><em>φῶς</em></strong></span> <span class='ocrx_word' id='word_1_7' title='bbox 549 324 659 407; x_wconf 83' lang='grc' dir='ltr'><strong><em>ἔλθοι,</em></strong></span> <span class='ocrx_word' id='word_1_8' title='bbox 688 323 792 407; x_wconf 79' lang='grc' dir='ltr'><strong><em>αὐγῆς</em></strong></span> <span class='ocrx_word' id='word_1_9' title='bbox 815 322 857 388; x_wconf 80' lang='grc' dir='ltr'><strong><em>δν</em></strong></span> <span class='ocrx_word' id='word_1_10' title='bbox 881 326 998 408; x_wconf 86' lang='grc' dir='ltr'><strong><em>έχοντα</em></strong></span> <span class='ocrx_word' id='word_1_11' title='bbox 1021 325 1061 388; x_wconf 85' lang='grc' dir='ltr'><strong><em>τδι</em></strong></span> <span class='ocrx_word' id='word_1_12' title='bbox 1089 325 1148 408; x_wconf 85' lang='grc' dir='ltr'><strong><em>όμ-</em></strong></span> 
     </span>
     <span class='ocr_line' id='line_1_3' title="bbox 131 425 1147 515; baseline 0.002 -22"><span class='ocrx_word' id='word_1_13' title='bbox 131 451 215 512; x_wconf 84' lang='grc' dir='ltr'><strong><em>ματα</em></strong></span> <span class='ocrx_word' id='word_1_14' title='bbox 246 429 348 513; x_wconf 81' lang='grc' dir='ltr'><strong><em>μεστὰ</em></strong></span> <span class='ocrx_word' id='word_1_15' title='bbox 380 428 464 515; x_wconf 83' lang='grc' dir='ltr'><strong><em>ὁρᾶν</em></strong></span> <span class='ocrx_word' id='word_1_16' title='bbox 492 425 568 494; x_wconf 86' lang='grc' dir='ltr'><strong><em>οὐδ’</em></strong></span> <span class='ocrx_word' id='word_1_17' title='bbox 600 427 641 493; x_wconf 78' lang='grc' dir='ltr'><strong><em>δν</em></strong></span> <span class='ocrx_word' id='word_1_18' title='bbox 671 430 709 494; x_wconf 75' lang='grc' dir='ltr'><strong><em>ἓν</em></strong></span> <span class='ocrx_word' id='word_1_19' title='bbox 742 431 910 495; x_wconf 84' lang='grc' dir='ltr'><strong><em>δύνασθαι</em></strong></span> <span class='ocrx_word' id='word_1_20' title='bbox 942 440 1008 494; x_wconf 84' lang='grc' dir='ltr'><strong><em>τῶν</em></strong></span> <span class='ocrx_word' id='word_1_21' title='bbox 1037 429 1147 514; x_wconf 87' lang='grc' dir='ltr'><strong><em>&lt;νῦν&gt;</em></strong></span> 
     </span>
     <span class='ocr_line' id='line_1_4' title="bbox 130 533 1148 621; baseline 0.001 -22"><span class='ocrx_word' id='word_1_22' title='bbox 130 533 321 619; x_wconf 82' lang='grc' dir='ltr'><strong><em>λεγομένων</em></strong></span> <span class='ocrx_word' id='word_1_23' title='bbox 353 535 506 620; x_wconf 81' lang='grc' dir='ltr'><strong><em>ἀληθῶν,</em></strong></span> <span class='ocrx_word' id='word_1_24' title='bbox 539 537 623 601; x_wconf 79' lang='grc' dir='ltr'><strong><em>ὥστε</em></strong></span> <span class='ocrx_word' id='word_1_25' title='bbox 650 535 808 620; x_wconf 77' lang='grc' dir='ltr'><strong><em>ἐξαίφνης</em></strong></span> <span class='ocrx_word' id='word_1_26' title='bbox 840 536 953 614; x_wconf 80' lang='grc' dir='ltr'><strong><em>αὐτοῖς</em></strong></span> <span class='ocrx_word' id='word_1_27' title='bbox 979 536 1148 621; x_wconf 77' lang='grc' dir='ltr'><strong><em>προσβαλλ-</em></strong></span> 
     </span>
     <span class='ocr_line' id='line_1_5' title="bbox 130 636 1149 727; baseline 0.001 -22"><span class='ocrx_word' id='word_1_28' title='bbox 130 646 265 720; x_wconf 83' lang='grc' dir='ltr'><strong><em>λοντας;</em></strong></span> <span class='ocrx_word' id='word_1_29' title='bbox 294 644 477 726; x_wconf 79' lang='grc' dir='ltr'><strong><em>συνηθείας</em></strong></span> <span class='ocrx_word' id='word_1_30' title='bbox 501 644 554 725; x_wconf 80' lang='grc' dir='ltr'><strong><em>δή,</em></strong></span> <span class='ocrx_word' id='word_1_31' title='bbox 578 636 680 727; x_wconf 81' lang='grc' dir='ltr'><strong><em>οἶμαι,</em></strong></span> <span class='ocrx_word' id='word_1_32' title='bbox 706 641 805 708; x_wconf 86' lang='grc' dir='ltr'><strong><em>δέοιτ’</em></strong></span> <span class='ocrx_word' id='word_1_33' title='bbox 833 644 889 726; x_wconf 77' lang='grc' dir='ltr'><strong><em>ἄν,</em></strong></span> <span class='ocrx_word' id='word_1_34' title='bbox 918 645 949 707; x_wconf 88' lang='grc' dir='ltr'><strong><em>εί</em></strong></span> <span class='ocrx_word' id='word_1_35' title='bbox 969 639 1085 727; x_wconf 86' lang='grc' dir='ltr'><strong><em>μέλλοι</em></strong></span> <span class='ocrx_word' id='word_1_36' title='bbox 1107 642 1149 706; x_wconf 84' lang='grc' dir='ltr'><strong><em>τὰ</em></strong></span> 
     </span>
     <span class='ocr_line' id='line_1_6' title="bbox 103 745 1148 836; baseline 0.001 -24"><span class='ocrx_word' id='word_1_37' title='bbox 103 749 200 813; x_wconf 67' lang='grc' dir='ltr'><strong><em>ὀύνω</em></strong></span> <span class='ocrx_word' id='word_1_38' title='bbox 233 750 391 827; x_wconf 80' lang='grc' dir='ltr'><strong><em>ὄψεσθαι·</em></strong></span> <span class='ocrx_word' id='word_1_39' title='bbox 424 745 479 814; x_wconf 82' lang='grc' dir='ltr'><strong><em>καὶ</em></strong></span> <span class='ocrx_word' id='word_1_40' title='bbox 510 759 643 835; x_wconf 86' lang='grc' dir='ltr'><strong><em>πρῶτον</em></strong></span> <span class='ocrx_word' id='word_1_41' title='bbox 674 745 736 833; x_wconf 77' lang='grc' dir='ltr'><strong><em>μὲν</em></strong></span> <span class='ocrx_word' id='word_1_42' title='bbox 762 751 820 826; x_wconf 81' lang='grc' dir='ltr'><strong><em>τὰς</em></strong></span> <span class='ocrx_word' id='word_1_43' title='bbox 852 750 945 826; x_wconf 82' lang='grc' dir='ltr'><strong><em>σκιδις</em></strong></span> <span class='ocrx_word' id='word_1_44' title='bbox 972 747 1014 812; x_wconf 78' lang='grc' dir='ltr'><strong><em>δν</em></strong></span> <span class='ocrx_word' id='word_1_45' title='bbox 1042 747 1148 836; x_wconf 76' lang='grc' dir='ltr'><strong><em>ῥᾷστα</em></strong></span> 
     </span>
     <span class='ocr_line' id='line_1_7' title="bbox 130 851 1149 942; baseline 0 -23"><span class='ocrx_word' id='word_1_46' title='bbox 130 851 305 942; x_wconf 80' lang='grc' dir='ltr'><strong><em>καθορςόη,</em></strong></span> <span class='ocrx_word' id='word_1_47' title='bbox 335 853 389 920; x_wconf 85' lang='grc' dir='ltr'><strong><em>καὶ</em></strong></span> <span class='ocrx_word' id='word_1_48' title='bbox 422 856 502 939; x_wconf 79' lang='grc' dir='ltr'><strong><em>μετὰ</em></strong></span> <span class='ocrx_word' id='word_1_49' title='bbox 529 864 628 920; x_wconf 86' lang='grc' dir='ltr'><strong><em>τούτο</em></strong></span> <span class='ocrx_word' id='word_1_50' title='bbox 656 855 693 921; x_wconf 86' lang='grc' dir='ltr'><strong><em>ἐν</em></strong></span> <span class='ocrx_word' id='word_1_51' title='bbox 721 866 791 934; x_wconf 80' lang='grc' dir='ltr'><strong><em>τοῖς</em></strong></span> <span class='ocrx_word' id='word_1_52' title='bbox 819 855 921 920; x_wconf 80' lang='grc' dir='ltr'><strong><em>ὕδασι</em></strong></span> <span class='ocrx_word' id='word_1_53' title='bbox 951 854 992 919; x_wconf 82' lang='grc' dir='ltr'><strong><em>τά</em></strong></span> <span class='ocrx_word' id='word_1_54' title='bbox 1017 877 1052 919; x_wconf 93' lang='grc' dir='ltr'><strong><em>τε</em></strong></span> <span class='ocrx_word' id='word_1_55' title='bbox 1079 865 1149 920; x_wconf 82' lang='grc' dir='ltr'><strong><em>τῶν</em></strong></span> 
     </span>
     <span class='ocr_line' id='line_1_8' title="bbox 131 959 1148 1046; baseline 0.003 -21"><span class='ocrx_word' id='word_1_56' title='bbox 131 960 322 1045; x_wconf 79' lang='grc' dir='ltr'><strong><em>ἀνθρώπων</em></strong></span> <span class='ocrx_word' id='word_1_57' title='bbox 353 960 409 1028; x_wconf 84' lang='grc' dir='ltr'><strong><em>καί</em></strong></span> <span class='ocrx_word' id='word_1_58' title='bbox 445 965 485 1029; x_wconf 80' lang='grc' dir='ltr'><strong><em>τὰ</em></strong></span> <span class='ocrx_word' id='word_1_59' title='bbox 516 973 584 1027; x_wconf 81' lang='grc' dir='ltr'><strong><em>τῶν</em></strong></span> <span class='ocrx_word' id='word_1_60' title='bbox 616 963 727 1027; x_wconf 75' lang='grc' dir='ltr'><strong><em>ἄλλων</em></strong></span> <span class='ocrx_word' id='word_1_61' title='bbox 760 962 899 1043; x_wconf 87' lang='grc' dir='ltr'><strong><em>είδωλα,</em></strong></span> <span class='ocrx_word' id='word_1_62' title='bbox 935 961 1078 1046; x_wconf 79' lang='grc' dir='ltr'><strong><em>ὕστερον</em></strong></span> <span class='ocrx_word' id='word_1_63' title='bbox 1110 959 1148 1028; x_wconf 75' lang='grc' dir='ltr'><strong><em>δέ</em></strong></span> 
     </span>
     <span class='ocr_line' id='line_1_9' title="bbox 130 1065 1148 1156; baseline 0.001 -24"><span class='ocrx_word' id='word_1_64' title='bbox 130 1067 227 1132; x_wconf 83' lang='grc' dir='ltr'><strong><em>αὐτά·</em></strong></span> <span class='ocrx_word' id='word_1_65' title='bbox 256 1067 292 1134; x_wconf 93' lang='grc' dir='ltr'><strong><em>ἐκ</em></strong></span> <span class='ocrx_word' id='word_1_66' title='bbox 321 1065 357 1134; x_wconf 80' lang='grc' dir='ltr'><strong><em>δέ</em></strong></span> <span class='ocrx_word' id='word_1_67' title='bbox 380 1069 509 1135; x_wconf 91' lang='grc' dir='ltr'><strong><em>τούτων</em></strong></span> <span class='ocrx_word' id='word_1_68' title='bbox 532 1070 572 1133; x_wconf 88' lang='grc' dir='ltr'><strong><em>τδι</em></strong></span> <span class='ocrx_word' id='word_1_69' title='bbox 596 1068 701 1156; x_wconf 77' lang='grc' dir='ltr'><strong><em>ἐντῷ</em></strong></span> <span class='ocrx_word' id='word_1_70' title='bbox 726 1068 860 1155; x_wconf 77' lang='grc' dir='ltr'><strong><em>οὐρανῷ</em></strong></span> <span class='ocrx_word' id='word_1_71' title='bbox 882 1065 937 1132; x_wconf 84' lang='grc' dir='ltr'><strong><em>καὶ</em></strong></span> <span class='ocrx_word' id='word_1_72' title='bbox 961 1068 1063 1134; x_wconf 91' lang='grc' dir='ltr'><strong><em>αύτὸν</em></strong></span> <span class='ocrx_word' id='word_1_73' title='bbox 1087 1070 1148 1134; x_wconf 87' lang='grc' dir='ltr'><strong><em>τὸν</em></strong></span> 
     </span>
     <span class='ocr_line' id='line_1_10' title="bbox 131 1171 1148 1261; baseline 0.002 -24"><span class='ocrx_word' id='word_1_74' title='bbox 131 1173 278 1260; x_wconf 84' lang='grc' dir='ltr'><strong><em>οὐρανὸν</em></strong></span> <span class='ocrx_word' id='word_1_75' title='bbox 305 1177 437 1261; x_wconf 78' lang='grc' dir='ltr'><strong><em>νύκτωρ</em></strong></span> <span class='ocrx_word' id='word_1_76' title='bbox 466 1174 507 1240; x_wconf 79' lang='grc' dir='ltr'><strong><em>δν</em></strong></span> <span class='ocrx_word' id='word_1_77' title='bbox 540 1174 625 1260; x_wconf 79' lang='grc' dir='ltr'><strong><em>ῥᾷον</em></strong></span> <span class='ocrx_word' id='word_1_78' title='bbox 653 1173 828 1255; x_wconf 80' lang='grc' dir='ltr'><strong><em>θεάσαιτο,</em></strong></span> <span class='ocrx_word' id='word_1_79' title='bbox 861 1171 1080 1258; x_wconf 79' lang='grc' dir='ltr'><strong><em>προσβλέπων</em></strong></span> <span class='ocrx_word' id='word_1_80' title='bbox 1108 1177 1148 1240; x_wconf 92' lang='grc' dir='ltr'><strong><em>τὸ</em></strong></span> 
     </span>
     <span class='ocr_line' id='line_1_11' title="bbox 91 1274 1149 1366; baseline 0.003 -23"><span class='ocrx_word' id='word_1_81' title='bbox 91 1293 117 1333; x_wconf 86' lang='lat'><strong><em>10</em></strong></span> <span class='ocrx_word' id='word_1_82' title='bbox 130 1291 198 1344; x_wconf 80' lang='grc' dir='ltr'><strong><em>τῶν</em></strong></span> <span class='ocrx_word' id='word_1_83' title='bbox 222 1281 353 1366; x_wconf 83' lang='grc' dir='ltr'><strong><em>δίστρων</em></strong></span> <span class='ocrx_word' id='word_1_84' title='bbox 375 1305 410 1345; x_wconf 89' lang='grc' dir='ltr'><strong><em>τε</em></strong></span> <span class='ocrx_word' id='word_1_85' title='bbox 432 1280 489 1346; x_wconf 81' lang='grc' dir='ltr'><strong><em>καὶ</em></strong></span> <span class='ocrx_word' id='word_1_86' title='bbox 512 1282 653 1362; x_wconf 77' lang='grc' dir='ltr'><strong><em>σελήνης</em></strong></span> <span class='ocrx_word' id='word_1_87' title='bbox 676 1290 761 1363; x_wconf 84' lang='grc' dir='ltr'><strong><em>φῶς,</em></strong></span> <span class='ocrx_word' id='word_1_88' title='bbox 792 1278 812 1363; x_wconf 72' lang='grc' dir='ltr'><em>ἢ</em></span> <span class='ocrx_word' id='word_1_89' title='bbox 836 1274 913 1363; x_wconf 88' lang='grc' dir='ltr'><strong><em>μεθ’</em></strong></span> <span class='ocrx_word' id='word_1_90' title='bbox 938 1278 1065 1366; x_wconf 81' lang='grc' dir='ltr'><strong><em>ἡμέραν</em></strong></span> <span class='ocrx_word' id='word_1_91' title='bbox 1088 1283 1149 1346; x_wconf 88' lang='grc' dir='ltr'><strong><em>τὸν</em></strong></span> 
     </span>
     <span class='ocr_line' id='line_1_12' title="bbox 130 1381 1149 1470; baseline 0.005 -22"><span class='ocrx_word' id='word_1_92' title='bbox 130 1386 226 1468; x_wconf 67' lang='grc' dir='ltr'><strong><em>ἥλιόν</em></strong></span> <span class='ocrx_word' id='word_1_93' title='bbox 249 1409 285 1450; x_wconf 91' lang='grc' dir='ltr'><strong><em>τε</em></strong></span> <span class='ocrx_word' id='word_1_94' title='bbox 307 1384 362 1451; x_wconf 84' lang='grc' dir='ltr'><strong><em>καὶ</em></strong></span> <span class='ocrx_word' id='word_1_95' title='bbox 384 1388 421 1452; x_wconf 90' lang='grc' dir='ltr'><strong><em>τὸ</em></strong></span> <span class='ocrx_word' id='word_1_96' title='bbox 442 1395 503 1451; x_wconf 87' lang='grc' dir='ltr'><strong><em>τοῦ</em></strong></span> <span class='ocrx_word' id='word_1_97' title='bbox 521 1385 629 1469; x_wconf 83' lang='grc' dir='ltr'><strong><em>ἡλίου.</em></strong></span> <span class='ocrx_word' id='word_1_98' title='bbox 669 1391 860 1451; x_wconf 81' lang='grc' dir='ltr'><strong><em>τελευταῖον</em></strong></span> <span class='ocrx_word' id='word_1_99' title='bbox 885 1386 937 1468; x_wconf 82' lang='grc' dir='ltr'><strong><em>δη,</em></strong></span> <span class='ocrx_word' id='word_1_100' title='bbox 962 1381 1064 1470; x_wconf 81' lang='grc' dir='ltr'><strong><em>οἶμαι,</em></strong></span> <span class='ocrx_word' id='word_1_101' title='bbox 1086 1389 1149 1453; x_wconf 88' lang='grc' dir='ltr'><strong><em>τὸν</em></strong></span> 
     </span>
     <span class='ocr_line' id='line_1_13' title="bbox 130 1490 1208 1580; baseline -0.001 -25"><span class='ocrx_word' id='word_1_102' title='bbox 130 1492 226 1574; x_wconf 75' lang='grc' dir='ltr'><strong><em>ἥλιον</em></strong></span> <span class='ocrx_word' id='word_1_103' title='bbox 250 1492 312 1557; x_wconf 86' lang='grc' dir='ltr'><strong><em>οὐκ</em></strong></span> <span class='ocrx_word' id='word_1_104' title='bbox 335 1493 372 1558; x_wconf 84' lang='grc' dir='ltr'><strong><em>ἐν</em></strong></span> <span class='ocrx_word' id='word_1_105' title='bbox 400 1494 521 1558; x_wconf 81' lang='grc' dir='ltr'><strong><em>ὕδασιν</em></strong></span> <span class='ocrx_word' id='word_1_106' title='bbox 552 1490 625 1558; x_wconf 85' lang='grc' dir='ltr'><strong><em>οὐδ’</em></strong></span> <span class='ocrx_word' id='word_1_107' title='bbox 652 1491 688 1558; x_wconf 87' lang='grc' dir='ltr'><strong><em>ἐν</em></strong></span> <span class='ocrx_word' id='word_1_108' title='bbox 712 1492 869 1580; x_wconf 77' lang='grc' dir='ltr'><strong><em>ἀλλοτρίᾳ</em></strong></span> <span class='ocrx_word' id='word_1_109' title='bbox 893 1492 975 1580; x_wconf 77' lang='grc' dir='ltr'><strong><em>ἕδρᾳ</em></strong></span> <span class='ocrx_word' id='word_1_110' title='bbox 998 1493 1147 1576; x_wconf 82' lang='grc' dir='ltr'><strong><em>φαυτύσ-</em></strong></span> <span class='ocrx_word' id='word_1_111' title='bbox 1161 1515 1208 1555; x_wconf 86' lang='grc' dir='ltr'><strong><em>οε.</em></strong></span> 
     </span>
     <span class='ocr_line' id='line_1_14' title="bbox 131 1595 1150 1689; baseline 0.004 -28"><span class='ocrx_word' id='word_1_112' title='bbox 131 1621 216 1680; x_wconf 89' lang='grc' dir='ltr'><strong><em>ματα</em></strong></span> <span class='ocrx_word' id='word_1_113' title='bbox 240 1599 354 1684; x_wconf 87' lang='grc' dir='ltr'><strong><em>αὐτοῦ,</em></strong></span> <span class='ocrx_word' id='word_1_114' title='bbox 378 1595 449 1665; x_wconf 86' lang='grc' dir='ltr'><strong><em>ἀλλ’</em></strong></span> <span class='ocrx_word' id='word_1_115' title='bbox 472 1600 575 1666; x_wconf 83' lang='grc' dir='ltr'><strong><em>αὐτὸν</em></strong></span> <span class='ocrx_word' id='word_1_116' title='bbox 593 1596 673 1666; x_wconf 89' lang='grc' dir='ltr'><strong><em>καθ’</em></strong></span> <span class='ocrx_word' id='word_1_117' title='bbox 695 1601 798 1666; x_wconf 87' lang='grc' dir='ltr'><strong><em>αὑτὸν</em></strong></span> <span class='ocrx_word' id='word_1_118' title='bbox 817 1599 855 1665; x_wconf 91' lang='grc' dir='ltr'><strong><em>ἐν</em></strong></span> <span class='ocrx_word' id='word_1_119' title='bbox 872 1607 912 1683; x_wconf 72' lang='grc' dir='ltr'><strong><em>τῇ</em></strong></span> <span class='ocrx_word' id='word_1_120' title='bbox 934 1598 1037 1664; x_wconf 85' lang='grc' dir='ltr'><strong><em>αὑτοῦ</em></strong></span> <span class='ocrx_word' id='word_1_121' title='bbox 1055 1601 1150 1689; x_wconf 76' lang='grc' dir='ltr'><strong><em>χώρᾳ</em></strong></span> 
     </span>
     <span class='ocr_line' id='line_1_15' title="bbox 131 1697 1202 1783; baseline -0.001 -15"><span class='ocrx_word' id='word_1_122' title='bbox 131 1702 261 1770; x_wconf 87' lang='grc' dir='ltr'><strong><em>δύναιτ’</em></strong></span> <span class='ocrx_word' id='word_1_123' title='bbox 287 1705 330 1772; x_wconf 79' lang='grc' dir='ltr'><strong><em>δν</em></strong></span> <span class='ocrx_word' id='word_1_124' title='bbox 351 1709 500 1773; x_wconf 78' lang='grc' dir='ltr'><strong><em>κατιδεῖν</em></strong></span> <span class='ocrx_word' id='word_1_125' title='bbox 522 1705 578 1772; x_wconf 80' lang='grc' dir='ltr'><strong><em>καί</em></strong></span> <span class='ocrx_word' id='word_1_126' title='bbox 600 1709 792 1773; x_wconf 79' lang='grc' dir='ltr'><strong><em>θεάσασθαι</em></strong></span> <span class='ocrx_word' id='word_1_127' title='bbox 816 1697 885 1783; x_wconf 79' lang='grc' dir='ltr'><strong><em>οἷός</em></strong></span> <span class='ocrx_word' id='word_1_128' title='bbox 907 1704 945 1771; x_wconf 84' lang='grc' dir='ltr'><strong><em>τέ</em></strong></span> <span class='ocrx_word' id='word_1_129' title='bbox 966 1705 1043 1772; x_wconf 91' lang='grc' dir='ltr'><strong><em>ἐστι.</em></strong></span> <span class='ocrx_word' id='word_1_130' title='bbox 1089 1706 1148 1773; x_wconf 85' lang='grc' dir='ltr'><strong><em>καὶ</em></strong></span> <span class='ocrx_word' id='word_1_131' title='bbox 1162 1728 1202 1768; x_wconf 81' lang='grc' dir='ltr'><strong><em>εεε</em></strong></span> 
     </span>
     <span class='ocr_line' id='line_1_16' title="bbox 91 1808 1149 1899; baseline 0.004 -24"><span class='ocrx_word' id='word_1_132' title='bbox 91 1825 116 1866; x_wconf 80' lang='lat'><strong><em>1⁵</em></strong></span> <span class='ocrx_word' id='word_1_133' title='bbox 131 1814 211 1896; x_wconf 81' lang='grc' dir='ltr'><strong><em>μετὰ</em></strong></span> <span class='ocrx_word' id='word_1_134' title='bbox 233 1812 323 1879; x_wconf 84' lang='grc' dir='ltr'><strong><em>ταῦτ’</em></strong></span> <span class='ocrx_word' id='word_1_135' title='bbox 347 1814 389 1880; x_wconf 82' lang='grc' dir='ltr'><strong><em>δν</em></strong></span> <span class='ocrx_word' id='word_1_136' title='bbox 412 1816 476 1898; x_wconf 78' lang='grc' dir='ltr'><strong><em>ἥδη</em></strong></span> <span class='ocrx_word' id='word_1_137' title='bbox 497 1818 722 1899; x_wconf 81' lang='grc' dir='ltr'><strong><em>συλλογίζοιτο</em></strong></span> <span class='ocrx_word' id='word_1_138' title='bbox 742 1811 817 1899; x_wconf 79' lang='grc' dir='ltr'><strong><em>περὶ</em></strong></span> <span class='ocrx_word' id='word_1_139' title='bbox 841 1812 955 1895; x_wconf 83' lang='grc' dir='ltr'><strong><em>αὐτοῦ,</em></strong></span> <span class='ocrx_word' id='word_1_140' title='bbox 980 1813 1030 1877; x_wconf 84' lang='grc' dir='ltr'><strong><em>ὅτι</em></strong></span> <span class='ocrx_word' id='word_1_141' title='bbox 1049 1808 1149 1892; x_wconf 83' lang='grc' dir='ltr'><strong><em>οὗτος</em></strong></span> 
     </span>
     <span class='ocr_line' id='line_1_17' title="bbox 131 1917 1148 2007; baseline 0.002 -24"><span class='ocrx_word' id='word_1_142' title='bbox 131 1919 149 1984; x_wconf 87' lang='grc' dir='ltr'><strong><em>ό</em></strong></span> <span class='ocrx_word' id='word_1_143' title='bbox 172 1921 230 1996; x_wconf 83' lang='grc' dir='ltr'><strong><em>τάς</em></strong></span> <span class='ocrx_word' id='word_1_144' title='bbox 252 1943 287 1985; x_wconf 93' lang='grc' dir='ltr'><strong><em>τε</em></strong></span> <span class='ocrx_word' id='word_1_145' title='bbox 311 1922 398 2007; x_wconf 79' lang='grc' dir='ltr'><strong><em>ὥρας</em></strong></span> <span class='ocrx_word' id='word_1_146' title='bbox 420 1919 575 2006; x_wconf 82' lang='grc' dir='ltr'><strong><em>παρέχων</em></strong></span> <span class='ocrx_word' id='word_1_147' title='bbox 596 1919 651 1985; x_wconf 81' lang='grc' dir='ltr'><strong><em>καὶ</em></strong></span> <span class='ocrx_word' id='word_1_148' title='bbox 674 1921 847 1997; x_wconf 89' lang='grc' dir='ltr'><strong><em>ἐνιαυτούς</em></strong></span> <span class='ocrx_word' id='word_1_149' title='bbox 870 1917 925 1984; x_wconf 83' lang='grc' dir='ltr'><strong><em>καί</em></strong></span> <span class='ocrx_word' id='word_1_150' title='bbox 947 1919 1055 1983; x_wconf 79' lang='grc' dir='ltr'><strong><em>πάντα</em></strong></span> <span class='ocrx_word' id='word_1_151' title='bbox 1078 1918 1148 1985; x_wconf 90' lang='grc' dir='ltr'><strong><em>ἐπι-</em></strong></span> 
     </span>
     <span class='ocr_line' id='line_1_18' title="bbox 130 2022 1148 2115; baseline 0.002 -25"><span class='ocrx_word' id='word_1_152' title='bbox 130 2028 303 2110; x_wconf 90' lang='grc' dir='ltr'><strong><em>τροπεύων</em></strong></span> <span class='ocrx_word' id='word_1_153' title='bbox 330 2029 370 2090; x_wconf 89' lang='grc' dir='ltr'><strong><em>τδι</em></strong></span> <span class='ocrx_word' id='word_1_154' title='bbox 398 2027 435 2093; x_wconf 99' lang='grc' dir='ltr'><strong><em>ἐν</em></strong></span> <span class='ocrx_word' id='word_1_155' title='bbox 462 2037 507 2115; x_wconf 76' lang='grc' dir='ltr'><strong><em>τῷ</em></strong></span> <span class='ocrx_word' id='word_1_156' title='bbox 535 2025 694 2114; x_wconf 79' lang='grc' dir='ltr'><strong><em>ὁρωμένῳ</em></strong></span> <span class='ocrx_word' id='word_1_157' title='bbox 716 2029 822 2114; x_wconf 81' lang='grc' dir='ltr'><strong><em>τόπῳ,</em></strong></span> <span class='ocrx_word' id='word_1_158' title='bbox 852 2024 908 2091; x_wconf 85' lang='grc' dir='ltr'><strong><em>καὶ</em></strong></span> <span class='ocrx_word' id='word_1_159' title='bbox 931 2025 1069 2091; x_wconf 82' lang='grc' dir='ltr'><strong><em>ἐκείνων</em></strong></span> <span class='ocrx_word' id='word_1_160' title='bbox 1098 2022 1148 2092; x_wconf 82' lang='grc' dir='ltr'><strong><em>ὧν</em></strong></span> 
     </span>
     <span class='ocr_line' id='line_1_19' title="bbox 131 2130 1149 2220; baseline 0.003 -25"><span class='ocrx_word' id='word_1_161' title='bbox 131 2142 226 2214; x_wconf 80' lang='grc' dir='ltr'><strong><em>σφεῖς</em></strong></span> <span class='ocrx_word' id='word_1_162' title='bbox 255 2130 368 2217; x_wconf 80' lang='grc' dir='ltr'><strong><em>ἑώρων</em></strong></span> <span class='ocrx_word' id='word_1_163' title='bbox 395 2135 520 2218; x_wconf 86' lang='grc' dir='ltr'><strong><em>τρόπον</em></strong></span> <span class='ocrx_word' id='word_1_164' title='bbox 546 2136 621 2198; x_wconf 83' lang='grc' dir='ltr'><strong><em>τινὰ</em></strong></span> <span class='ocrx_word' id='word_1_165' title='bbox 643 2135 777 2199; x_wconf 80' lang='grc' dir='ltr'><strong><em>πάντων</em></strong></span> <span class='ocrx_word' id='word_1_166' title='bbox 800 2139 913 2209; x_wconf 89' lang='grc' dir='ltr'><strong><em>αίτιος.</em></strong></span> <span class='ocrx_word' id='word_1_167' title='bbox 955 2134 1059 2216; x_wconf 76' lang='grc' dir='ltr'><strong><em>δῆλον</em></strong></span> <span class='ocrx_word' id='word_1_168' title='bbox 1081 2135 1149 2220; x_wconf 80' lang='grc' dir='ltr'><strong><em>γὰρ</em></strong></span> 
     </span>
     <span class='ocr_line' id='line_1_20' title="bbox 131 2233 1149 2326; baseline 0.004 -26"><span class='ocrx_word' id='word_1_169' title='bbox 131 2238 182 2301; x_wconf 85' lang='grc' dir='ltr'><strong><em>ότι</em></strong></span> <span class='ocrx_word' id='word_1_170' title='bbox 215 2236 268 2303; x_wconf 84' lang='grc' dir='ltr'><strong><em>ἐπὶ</em></strong></span> <span class='ocrx_word' id='word_1_171' title='bbox 299 2248 402 2305; x_wconf 83' lang='grc' dir='ltr'><strong><em>ταῦτα</em></strong></span> <span class='ocrx_word' id='word_1_172' title='bbox 434 2239 477 2305; x_wconf 77' lang='grc' dir='ltr'><strong><em>ἂν</em></strong></span> <span class='ocrx_word' id='word_1_173' title='bbox 504 2237 573 2326; x_wconf 89' lang='grc' dir='ltr'><strong><em>μετ’</em></strong></span> <span class='ocrx_word' id='word_1_174' title='bbox 604 2240 713 2306; x_wconf 81' lang='grc' dir='ltr'><strong><em>ἐκεῖνα</em></strong></span> <span class='ocrx_word' id='word_1_175' title='bbox 740 2243 845 2305; x_wconf 82' lang='grc' dir='ltr'><strong><em>ἐλθοι.</em></strong></span> <span class='ocrx_word' id='word_1_176' title='bbox 891 2242 927 2303; x_wconf 88' lang='grc' dir='ltr'><strong><em>τί</em></strong></span> <span class='ocrx_word' id='word_1_177' title='bbox 956 2233 1031 2317; x_wconf 85' lang='grc' dir='ltr'><strong><em>ούν;</em></strong></span> <span class='ocrx_word' id='word_1_178' title='bbox 1066 2239 1149 2304; x_wconf 80' lang='grc' dir='ltr'><strong><em>ἀνα-</em></strong></span> 
     </span>
     <span class='ocr_line' id='line_1_21' title="bbox 90 2342 1149 2433; baseline 0.002 -26"><span class='ocrx_word' id='word_1_179' title='bbox 90 2358 117 2397; x_wconf 76' lang='lat'><strong><em>20</em></strong></span> <span class='ocrx_word' id='word_1_180' title='bbox 131 2347 401 2430; x_wconf 86' lang='grc' dir='ltr'><strong><em>μιμνησκόμενον</em></strong></span> <span class='ocrx_word' id='word_1_181' title='bbox 433 2347 537 2412; x_wconf 88' lang='grc' dir='ltr'><strong><em>αὐτὸν</em></strong></span> <span class='ocrx_word' id='word_1_182' title='bbox 568 2353 626 2431; x_wconf 77' lang='grc' dir='ltr'><strong><em>τῆς</em></strong></span> <span class='ocrx_word' id='word_1_183' title='bbox 657 2347 788 2433; x_wconf 86' lang='grc' dir='ltr'><strong><em>πρώτης</em></strong></span> <span class='ocrx_word' id='word_1_184' title='bbox 820 2346 978 2428; x_wconf 80' lang='grc' dir='ltr'><strong><em>οίκησεως</em></strong></span> <span class='ocrx_word' id='word_1_185' title='bbox 1005 2342 1061 2410; x_wconf 80' lang='grc' dir='ltr'><strong><em>καὶ</em></strong></span> <span class='ocrx_word' id='word_1_186' title='bbox 1089 2355 1149 2430; x_wconf 78' lang='grc' dir='ltr'><strong><em>τῆς</em></strong></span> 
     </span>
     <span class='ocr_line' id='line_1_22' title="bbox 130 2449 1148 2536; baseline 0 -20"><span class='ocrx_word' id='word_1_187' title='bbox 130 2450 200 2516; x_wconf 80' lang='grc' dir='ltr'><strong><em>ἐκεῖ</em></strong></span> <span class='ocrx_word' id='word_1_188' title='bbox 225 2454 347 2534; x_wconf 87' lang='grc' dir='ltr'><strong><em>σοφίας</em></strong></span> <span class='ocrx_word' id='word_1_189' title='bbox 373 2451 428 2518; x_wconf 82' lang='grc' dir='ltr'><strong><em>καὶ</em></strong></span> <span class='ocrx_word' id='word_1_190' title='bbox 458 2463 526 2518; x_wconf 82' lang='grc' dir='ltr'><strong><em>τῶν</em></strong></span> <span class='ocrx_word' id='word_1_191' title='bbox 553 2455 626 2518; x_wconf 88' lang='grc' dir='ltr'><strong><em>τότε</em></strong></span> <span class='ocrx_word' id='word_1_192' title='bbox 655 2452 896 2536; x_wconf 81' lang='grc' dir='ltr'><strong><em>ξυνδεσμωτῶν</em></strong></span> <span class='ocrx_word' id='word_1_193' title='bbox 924 2451 985 2516; x_wconf 86' lang='grc' dir='ltr'><strong><em>οὐκ</em></strong></span> <span class='ocrx_word' id='word_1_194' title='bbox 1014 2449 1056 2516; x_wconf 79' lang='grc' dir='ltr'><strong><em>δν</em></strong></span> <span class='ocrx_word' id='word_1_195' title='bbox 1083 2457 1148 2518; x_wconf 85' lang='grc' dir='ltr'><strong><em>οίει</em></strong></span> 
     </span>
     <span class='ocr_line' id='line_1_23' title="bbox 131 2553 1146 2642; baseline 0.004 -23"><span class='ocrx_word' id='word_1_196' title='bbox 131 2556 235 2621; x_wconf 87' lang='grc' dir='ltr'><strong><em>αὑτὸν</em></strong></span> <span class='ocrx_word' id='word_1_197' title='bbox 254 2554 315 2641; x_wconf 78' lang='grc' dir='ltr'><strong><em>μέν</em></strong></span> <span class='ocrx_word' id='word_1_198' title='bbox 330 2558 575 2638; x_wconf 81' lang='grc' dir='ltr'><strong><em>εὐδαιμονίζειν</em></strong></span> <span class='ocrx_word' id='word_1_199' title='bbox 588 2567 645 2642; x_wconf 79' lang='grc' dir='ltr'><strong><em>τῆς</em></strong></span> <span class='ocrx_word' id='word_1_200' title='bbox 664 2561 857 2642; x_wconf 76' lang='grc' dir='ltr'><strong><em>μεταβολῆς,</em></strong></span> <span class='ocrx_word' id='word_1_201' title='bbox 875 2559 955 2634; x_wconf 82' lang='grc' dir='ltr'><strong><em>τοὺς</em></strong></span> <span class='ocrx_word' id='word_1_202' title='bbox 969 2553 1006 2621; x_wconf 77' lang='grc' dir='ltr'><strong><em>δέ</em></strong></span> <span class='ocrx_word' id='word_1_203' title='bbox 1025 2557 1146 2638; x_wconf 82' lang='grc' dir='ltr'><strong><em>ἐλεεῐν;</em></strong></span> 
     </span>
     <span class='ocr_line' id='line_1_24' title="bbox 130 2657 1147 2747; baseline 0.002 -21"><span class='ocrx_word' id='word_1_204' title='bbox 130 2659 185 2726; x_wconf 79' lang='grc' dir='ltr'><strong><em>καί</em></strong></span> <span class='ocrx_word' id='word_1_205' title='bbox 208 2663 305 2746; x_wconf 82' lang='grc' dir='ltr'><strong><em>μάλα.</em></strong></span> <span class='ocrx_word' id='word_1_206' title='bbox 349 2660 440 2747; x_wconf 80' lang='grc' dir='ltr'><strong><em>τιμαὶ</em></strong></span> <span class='ocrx_word' id='word_1_207' title='bbox 465 2660 501 2727; x_wconf 77' lang='grc' dir='ltr'><strong><em>δέ</em></strong></span> <span class='ocrx_word' id='word_1_208' title='bbox 524 2661 580 2728; x_wconf 81' lang='grc' dir='ltr'><strong><em>καὶ</em></strong></span> <span class='ocrx_word' id='word_1_209' title='bbox 603 2665 733 2728; x_wconf 88' lang='grc' dir='ltr'><strong><em>ἐπαινοι</em></strong></span> <span class='ocrx_word' id='word_1_210' title='bbox 756 2669 790 2727; x_wconf 87' lang='grc' dir='ltr'><strong><em>εἴ</em></strong></span> <span class='ocrx_word' id='word_1_211' title='bbox 812 2686 900 2741; x_wconf 88' lang='grc' dir='ltr'><strong><em>τινες</em></strong></span> <span class='ocrx_word' id='word_1_212' title='bbox 922 2657 1009 2746; x_wconf 74' lang='grc' dir='ltr'><strong><em>ἦσαν</em></strong></span> <span class='ocrx_word' id='word_1_213' title='bbox 1032 2663 1147 2742; x_wconf 78' lang='grc' dir='ltr'><strong><em>αὐτοῖς</em></strong></span> 
     </span>
     <span class='ocr_line' id='line_1_25' title="bbox 130 2764 1147 2856; baseline 0.003 -23"><span class='ocrx_word' id='word_1_214' title='bbox 130 2770 203 2833; x_wconf 93' lang='grc' dir='ltr'><strong><em>τότε</em></strong></span> <span class='ocrx_word' id='word_1_215' title='bbox 230 2764 308 2853; x_wconf 89' lang='grc' dir='ltr'><strong><em>παρ’</em></strong></span> <span class='ocrx_word' id='word_1_216' title='bbox 340 2767 491 2852; x_wconf 75' lang='grc' dir='ltr'><strong><em>ἀλλήλων</em></strong></span> <span class='ocrx_word' id='word_1_217' title='bbox 518 2767 573 2835; x_wconf 83' lang='grc' dir='ltr'><strong><em>καί</em></strong></span> <span class='ocrx_word' id='word_1_218' title='bbox 600 2768 681 2853; x_wconf 77' lang='grc' dir='ltr'><strong><em>γέρα</em></strong></span> <span class='ocrx_word' id='word_1_219' title='bbox 712 2776 757 2855; x_wconf 77' lang='grc' dir='ltr'><strong><em>τῷ</em></strong></span> <span class='ocrx_word' id='word_1_220' title='bbox 786 2768 927 2847; x_wconf 85' lang='grc' dir='ltr'><strong><em>ὀξύτατα</em></strong></span> <span class='ocrx_word' id='word_1_221' title='bbox 953 2776 1147 2856; x_wconf 79' lang='grc' dir='ltr'><strong><em>καθορῶντι</em></strong></span> 
     </span>
     <span class='ocr_line' id='line_1_26' title="bbox 90 2873 1147 2962; baseline 0.009 -29"><span class='ocrx_word' id='word_1_222' title='bbox 90 2892 116 2932; x_wconf 80' lang='lat'><strong><em>25</em></strong></span> <span class='ocrx_word' id='word_1_223' title='bbox 130 2876 170 2938; x_wconf 83' lang='grc' dir='ltr'><strong><em>τὰ</em></strong></span> <span class='ocrx_word' id='word_1_224' title='bbox 192 2877 369 2960; x_wconf 86' lang='grc' dir='ltr'><strong><em>παριόντα,</em></strong></span> <span class='ocrx_word' id='word_1_225' title='bbox 396 2873 451 2941; x_wconf 78' lang='grc' dir='ltr'><strong><em>καὶ</em></strong></span> <span class='ocrx_word' id='word_1_226' title='bbox 474 2877 720 2961; x_wconf 86' lang='grc' dir='ltr'><strong><em>μνημονεύοντι</em></strong></span> <span class='ocrx_word' id='word_1_227' title='bbox 747 2875 887 2960; x_wconf 81' lang='grc' dir='ltr'><strong><em>μάλιστα</em></strong></span> <span class='ocrx_word' id='word_1_228' title='bbox 914 2875 976 2940; x_wconf 83' lang='grc' dir='ltr'><strong><em>ὅσα</em></strong></span> <span class='ocrx_word' id='word_1_229' title='bbox 1004 2898 1039 2940; x_wconf 89' lang='grc' dir='ltr'><strong><em>τε</em></strong></span> <span class='ocrx_word' id='word_1_230' title='bbox 1066 2879 1147 2962; x_wconf 88' lang='grc' dir='ltr'><strong><em>πρό-</em></strong></span> 
     </span>
     <span class='ocr_line' id='line_1_27' title="bbox 129 2980 1146 3067; baseline 0.004 -22"><span class='ocrx_word' id='word_1_231' title='bbox 129 3004 208 3067; x_wconf 86' lang='grc' dir='ltr'><strong><em>τερα</em></strong></span> <span class='ocrx_word' id='word_1_232' title='bbox 228 2981 338 3046; x_wconf 83' lang='grc' dir='ltr'><strong><em>αὐτῶν</em></strong></span> <span class='ocrx_word' id='word_1_233' title='bbox 357 2980 412 3046; x_wconf 81' lang='grc' dir='ltr'><strong><em>καὶ</em></strong></span> <span class='ocrx_word' id='word_1_234' title='bbox 430 2982 552 3066; x_wconf 85' lang='grc' dir='ltr'><strong><em>ύστερα</em></strong></span> <span class='ocrx_word' id='word_1_235' title='bbox 572 2988 672 3047; x_wconf 85' lang='grc' dir='ltr'><strong><em>είωθε</em></strong></span> <span class='ocrx_word' id='word_1_236' title='bbox 692 2980 747 3047; x_wconf 78' lang='grc' dir='ltr'><strong><em>καί</em></strong></span> <span class='ocrx_word' id='word_1_237' title='bbox 766 2982 832 3065; x_wconf 77' lang='grc' dir='ltr'><strong><em>ἅμα</em></strong></span> <span class='ocrx_word' id='word_1_238' title='bbox 850 2982 1067 3067; x_wconf 87' lang='grc' dir='ltr'><strong><em>πορεύεσθαι,</em></strong></span> <span class='ocrx_word' id='word_1_239' title='bbox 1090 2981 1146 3049; x_wconf 80' lang='grc' dir='ltr'><strong><em>καὶ</em></strong></span> 
     </span>
     <span class='ocr_line' id='line_1_28' title="bbox 130 3086 1146 3175; baseline 0.003 -22"><span class='ocrx_word' id='word_1_240' title='bbox 130 3087 166 3153; x_wconf 90' lang='grc' dir='ltr'><strong><em>ἐκ</em></strong></span> <span class='ocrx_word' id='word_1_241' title='bbox 190 3087 318 3152; x_wconf 91' lang='grc' dir='ltr'><strong><em>τούτων</em></strong></span> <span class='ocrx_word' id='word_1_242' title='bbox 338 3088 379 3171; x_wconf 82' lang='grc' dir='ltr'><strong><em>δη</em></strong></span> <span class='ocrx_word' id='word_1_243' title='bbox 404 3089 617 3153; x_wconf 84' lang='grc' dir='ltr'><strong><em>δυνατώτατα</em></strong></span> <span class='ocrx_word' id='word_1_244' title='bbox 638 3086 938 3175; x_wconf 74' lang='grc' dir='ltr'><strong><em>ἀπομαντευομένῳ</em></strong></span> <span class='ocrx_word' id='word_1_245' title='bbox 961 3089 998 3152; x_wconf 90' lang='grc' dir='ltr'><strong><em>τὸ</em></strong></span> <span class='ocrx_word' id='word_1_246' title='bbox 1022 3086 1146 3173; x_wconf 82' lang='grc' dir='ltr'><strong><em>μέλλον</em></strong></span> 
     </span>
     <span class='ocr_line' id='line_1_29' title="bbox 129 3192 1145 3279; baseline 0.003 -20"><span class='ocrx_word' id='word_1_247' title='bbox 129 3194 232 3278; x_wconf 74' lang='grc' dir='ltr'><strong><em>ἥξειν,</em></strong></span> <span class='ocrx_word' id='word_1_248' title='bbox 256 3196 365 3271; x_wconf 82' lang='grc' dir='ltr'><strong><em>δοκεῖς</em></strong></span> <span class='ocrx_word' id='word_1_249' title='bbox 387 3192 429 3259; x_wconf 81' lang='grc' dir='ltr'><strong><em>δν</em></strong></span> <span class='ocrx_word' id='word_1_250' title='bbox 453 3195 555 3260; x_wconf 85' lang='grc' dir='ltr'><strong><em>αὐτὸν</em></strong></span> <span class='ocrx_word' id='word_1_251' title='bbox 578 3194 823 3278; x_wconf 81' lang='grc' dir='ltr'><strong><em>ἐπιθυμητικῶς</em></strong></span> <span class='ocrx_word' id='word_1_252' title='bbox 846 3194 956 3259; x_wconf 82' lang='grc' dir='ltr'><strong><em>αὐτῶν</em></strong></span> <span class='ocrx_word' id='word_1_253' title='bbox 979 3197 1067 3279; x_wconf 80' lang='grc' dir='ltr'><strong><em>ἔχειν</em></strong></span> <span class='ocrx_word' id='word_1_254' title='bbox 1090 3195 1145 3262; x_wconf 80' lang='grc' dir='ltr'><strong><em>καὶ</em></strong></span> 
     </span>
    </p>
   </div>
   <div class='ocr_carea' id='block_1_3' title="bbox 104 3383 1144 3601">
    <p class='ocr_par' dir='ltr' id='par_1_3' title="bbox 104 3383 1144 3601">
     <span class='ocr_line' id='line_1_30' title="bbox 154 3383 1144 3476; baseline 0.001 -34"><span class='ocrx_word' id='word_1_255' title='bbox 154 3455 164 3473; x_wconf 43' lang='grc' dir='ltr'><em>Ι</em></span> <span class='ocrx_word' id='word_1_256' title='bbox 220 3394 236 3442; x_wconf 82' lang='lat'>2</span> <span class='ocrx_word' id='word_1_257' title='bbox 252 3392 305 3442; x_wconf 82' lang='grc' dir='ltr'><strong><em>νύν</em></strong></span> <span class='ocrx_word' id='word_1_258' title='bbox 319 3387 383 3443; x_wconf 81' lang='lat' dir='ltr'><strong>add.</strong></span> <span class='ocrx_word' id='word_1_259' title='bbox 399 3390 423 3440; x_wconf 88' lang='lat' dir='ltr'>A</span> <span class='ocrx_word' id='word_1_260' title='bbox 438 3404 472 3441; x_wconf 83' lang='lat' dir='ltr'><strong><em>ex</em></strong></span> <span class='ocrx_word' id='word_1_261' title='bbox 485 3389 507 3442; x_wconf 91' lang='lat' dir='ltr'>P</span> <span class='ocrx_word' id='word_1_262' title='bbox 521 3390 531 3476; x_wconf 65' lang='grc' dir='ltr'><strong><em>β</em></strong></span> <span class='ocrx_word' id='word_1_263' title='bbox 545 3383 659 3474; x_wconf 35' lang='grc' dir='ltr'><strong><em>δ’ὡςεελ1</em></strong></span> <span class='ocrx_word' id='word_1_264' title='bbox 669 3383 880 3458; x_wconf 78' lang='grc' dir='ltr'><strong><em>προσβάλλοντα</em></strong></span> <span class='ocrx_word' id='word_1_265' title='bbox 894 3387 976 3474; x_wconf 56' lang='grc' dir='ltr'><strong><em>πορδὴ</em></strong></span> <span class='ocrx_word' id='word_1_266' title='bbox 989 3385 1016 3440; x_wconf 91' lang='grc' dir='ltr'><strong><em>Κ</em></strong></span> <span class='ocrx_word' id='word_1_267' title='bbox 1028 3389 1038 3456; x_wconf 80' lang='grc' dir='ltr'><strong><em>ΙΙ</em></strong></span> <span class='ocrx_word' id='word_1_268' title='bbox 1054 3393 1086 3443; x_wconf 90' lang='grc'><strong><em>10</em></strong></span> <span class='ocrx_word' id='word_1_269' title='bbox 1102 3405 1144 3473; x_wconf 71' lang='lat'><strong><em>⁶⁸:</em></strong></span> 
     </span>
     <span class='ocr_line' id='line_1_31' title="bbox 118 3458 1130 3530; baseline 0.006 -22"><span class='ocrx_word' id='word_1_270' title='bbox 118 3461 212 3522; x_wconf 77' lang='grc' dir='ltr'><strong><em>ληνης</em></strong></span> <span class='ocrx_word' id='word_1_271' title='bbox 222 3458 287 3511; x_wconf 85' lang='lat' dir='ltr'><strong><em>PA:</em></strong></span> <span class='ocrx_word' id='word_1_272' title='bbox 302 3463 427 3528; x_wconf 79' lang='grc' dir='ltr'><strong><em>σεληνῶν</em></strong></span> <span class='ocrx_word' id='word_1_273' title='bbox 440 3460 451 3530; x_wconf 78' lang='lat' dir='ltr'>fl</span> <span class='ocrx_word' id='word_1_274' title='bbox 466 3463 498 3513; x_wconf 80' lang='lat'><strong><em>13</em></strong></span> <span class='ocrx_word' id='word_1_275' title='bbox 514 3463 563 3513; x_wconf 89' lang='grc' dir='ltr'><strong><em>αλλ</em></strong></span> <span class='ocrx_word' id='word_1_276' title='bbox 592 3478 681 3513; x_wconf 88' lang='grc' dir='ltr'><strong><em>αυτον</em></strong></span> <span class='ocrx_word' id='word_1_277' title='bbox 695 3461 750 3527; x_wconf 77' lang='grc'><strong><em>1121</em></strong></span> <span class='ocrx_word' id='word_1_278' title='bbox 767 3459 811 3527; x_wconf 86' lang='grc' dir='ltr'><strong><em>οίη</em></strong></span> <span class='ocrx_word' id='word_1_279' title='bbox 826 3459 883 3526; x_wconf 76' lang='grc'>1122</span> <span class='ocrx_word' id='word_1_280' title='bbox 899 3477 986 3513; x_wconf 92' lang='grc' dir='ltr'><strong><em>αυτον</em></strong></span> <span class='ocrx_word' id='word_1_281' title='bbox 1001 3459 1010 3527; x_wconf 73' lang='lat' dir='ltr'>ss</span> <span class='ocrx_word' id='word_1_282' title='bbox 1024 3464 1059 3513; x_wconf 82' lang='lat'><strong><em>24</em></strong></span> <span class='ocrx_word' id='word_1_283' title='bbox 1073 3479 1130 3526; x_wconf 86' lang='grc' dir='ltr'><strong><em>παρ</em></strong></span> 
     </span>
     <span class='ocr_line' id='line_1_32' title="bbox 104 3521 658 3601; baseline 0.023 -27"><span class='ocrx_word' id='word_1_284' title='bbox 104 3521 174 3576; x_wconf 78' lang='lat' dir='ltr'><strong><em>PA:</em></strong></span> <span class='ocrx_word' id='word_1_285' title='bbox 192 3527 290 3596; x_wconf 79' lang='grc' dir='ltr'><strong><em>περίβ</em></strong></span> <span class='ocrx_word' id='word_1_286' title='bbox 300 3534 337 3583; x_wconf 82' lang='lat'><strong><em>28</em></strong></span> <span class='ocrx_word' id='word_1_287' title='bbox 357 3533 458 3596; x_wconf 79' lang='grc' dir='ltr'><strong><em>δοκεῖς</em></strong></span> <span class='ocrx_word' id='word_1_288' title='bbox 475 3529 539 3587; x_wconf 83' lang='lat' dir='ltr'><strong><em>PA:</em></strong></span> <span class='ocrx_word' id='word_1_289' title='bbox 561 3531 658 3601; x_wconf 81' lang='grc' dir='ltr'><strong><em>δοκῆς.</em></strong></span> 
     </span>
    </p>
   </div>
   <div class='ocr_carea' id='block_1_4' title="bbox 0 0 1220 3848">
    <p class='ocr_par' dir='ltr' id='par_1_4' title="bbox 0 0 1220 3848">
     <span class='ocr_line' id='line_1_33' title="bbox 0 0 1220 3848; baseline 0 0"><span class='ocrx_word' id='word_1_290' title='bbox 0 0 1220 3848; x_wconf 95' lang='lat' dir='ltr'><strong><em> </em></strong></span> 
     </span>
    </p>
   </div>
  </div>
 </body>
</html>
