2430 3848
384 191 659 249 PROTREPTICUS
679 197 712 263 (e.
728 197 785 266 IX).
1049 200 1092 263 53

80 347 183 418 οὐδὲν
207 355 314 418 ἔοικεν
334 352 351 418 ὁ
371 362 522 431 τοιοῦτος
544 357 647 420 είδότι
669 359 772 423 καλὸν
790 358 943 441 κάγαθὸν
962 358 1043 425 οὐδὲ
1061 363 1097 424 τί

79 465 189 524 αίτιον
215 467 260 547 τῷ
285 461 561 542 διαγιγνώσκοντι
589 459 645 525 καὶ
667 466 849 528 συναίτιον.
897 466 964 530 ίδοι
993 463 1023 530 δ’
1050 466 1092 531 ἄν

79 588 128 641 τις
156 565 208 629 ὅτι
235 566 357 642 παντὸς
384 570 511 650 μᾶλλον
539 566 649 652 ἄληθή
673 577 775 634 ταῦτα
803 568 958 655 λέγομεν,
987 577 1021 636 εί
1043 596 1092 649 τις

79 671 162 755 ἡμᾶς
186 663 260 736 οἷον
283 673 330 749 είς
357 673 516 759 μακάρων
539 676 663 757 νήσους
690 684 729 761 τῇ
759 677 892 764 διανοίᾳ
914 680 1091 760 κομίσειεν.

80 777 147 842 ἐκεῖ
167 778 231 862 γὰρ
256 778 394 856 οὐδενὸς
416 782 511 866 χρεία
534 777 614 846 οὐδὲ
637 793 704 847 τῶν
723 783 834 848 ἄλλων
854 785 946 861 τινὸς
969 785 1119 868 ὅφελοςσ

80 881 120 948 δν
143 882 286 968 γε’νοιτο,
310 888 416 969 μόνον
436 882 473 951 δὲ
494 890 723 954 καταλείπεται
746 891 783 954 τὸ
803 890 1015 955 διανοεῖσθαι
1036 888 1092 955 καὶ

80 997 238 1077 θεωρεῖν,
267 992 368 1078 ὅνπερ
391 991 447 1057 καὶ
469 1002 535 1059 νῦν
558 992 738 1081 ἐλεύθερόν
763 1020 872 1080 φαμεν
895 999 973 1080 βίον
996 990 1091 1062 εἶναι.

81 1100 110 1163 εί
140 1093 177 1162 δὲ
213 1094 305 1164 ταῦτ’
341 1097 431 1164 ἐστὶν
463 1097 590 1184 ἀληθῆ,
627 1109 696 1177 πῶς
729 1100 790 1166 οὐκ
826 1099 868 1165 δν
900 1103 1091 1187 αίσχύνοιτο

81 1207 215 1283 δικαίως
242 1206 332 1282 ὅστις
358 1205 452 1290 ήμῶν
480 1205 631 1285 ἐξουσίας
659 1205 840 1291 γενομένης
870 1206 906 1272 ἐν
934 1208 1092 1294 μακάρων

80 1313 209 1396 οίκήσαι
237 1314 352 1396 νήσοις
380 1311 545 1389 ἀδύνατος
571 1318 622 1396 είη
651 1308 696 1378 δι’
725 1312 857 1397 ἑαυτόν,
892 1314 1017 1379 οὐκοῦν
1050 1313 1091 1379 οὐ
1107 1335 1132 1374 10

80 1419 222 1503 μεμπτὸς
241 1417 258 1483 ὁ
278 1420 399 1503 μισθός
421 1417 490 1484 ἐστι
512 1428 569 1503 τῆς
592 1418 771 1505 ἐπιστήμης
793 1430 863 1498 τοῖς
886 1421 1090 1507 ἀνθρώποις,

80 1521 158 1590 οὐδὲ
182 1526 301 1611 μικρὸν
323 1526 361 1590 τδ
379 1527 582 1609 γιγνόμενον
600 1521 655 1591 ἀπ’
678 1527 779 1611 αὐτῆς
798 1527 939 1611 ἀγαθόν.
981 1529 1092 1612 ὥσπερ

79 1634 141 1716 γὰρ
164 1642 222 1716 τής
240 1633 466 1716 δικαιοσύνης,
490 1633 535 1709 ὥς
553 1649 658 1716 φασιν
678 1633 713 1697 ολ
729 1632 830 1717 σοφοὶ
848 1645 915 1699 τῶν
932 1645 1090 1718 ποιητῶν,

80 1739 115 1803 ἐν
126 1737 244 1805 ’Ἅιδου
262 1741 464 1824 κομιζοίμεθα
482 1741 539 1816 τὰς
558 1739 695 1825 δωρεύς,
715 1739 801 1804 ούτω
821 1748 878 1822 της
896 1743 1091 1822 φρονήσεως

32 1863 66 1904 ιῐ.
80 1845 116 1910 ἐν
139 1846 296 1933 μακάρων
318 1849 444 1930 νήσοις,
469 1847 513 1923 ῶς
536 1847 651 1911 ἔοικεν.
693 1841 794 1910 οὐδὲν
818 1839 880 1910 οὖν
900 1846 1025 1929 δεινόν,
1049 1845 1091 1911 ἂν
1107 1865 1132 1906 ιι

79 1954 121 2036 μή
152 1955 314 2036 φαίνηται
344 1955 487 2037 χρησίμη
521 1948 606 2018 οὖσα
637 1950 714 2038 μηδ’
746 1951 925 2037 ὠφέλιμος·
959 1951 1000 2017 ού
1026 1953 1090 2035 γὰρ

32 2075 66 2117 ιι.
79 2058 249 2144 ὠφέλιμον
277 2055 348 2124 ἀλλ’
376 2059 509 2143 ἀγαθήν
538 2059 643 2142 αὐτήν
666 2054 756 2124 εἷναί
782 2083 906 2144 φαμεν,
936 2055 1015 2124 οὐδὲ
1043 2053 1088 2124 δι’

78 2162 193 2247 ἕτερον
226 2164 308 2230 ἀλλὰ
341 2161 384 2230 δι’
421 2163 542 2249 ἑαυτήν
578 2165 748 2249 αἱρεῖσθαι
785 2166 889 2249 αὐτήν
922 2168 1091 2249 προσήκει.

78 2270 188 2356 ὥσπερ
212 2273 276 2357 γὰρ
299 2273 346 2348 είς
370 2268 551 2355 Ὀλυμπίαν
579 2270 679 2355 αὐτῆς
707 2271 803 2337 ἕνεκα
825 2282 883 2355 τῆς
904 2271 988 2348 θέας
1010 2269 1104 2337 ἀπο-’

78 2377 263 2461 δημούμεν,
301 2374 357 2442 καὶ
394 2380 425 2442 εί
455 2372 560 2462 μηδὲν
596 2373 711 2460 μίλλοι
747 2381 862 2441 πλεῖον
900 2373 955 2442 ἀπ’
990 2377 1091 2461 αὐτῆς
1105 2396 1132 2436 20

77 2485 216 2547 ἔσεσθαι
249 2480 345 2568 (αὐτή
378 2485 441 2568 γὰρ
468 2482 489 2565 ή
516 2485 644 2568 θεωρία
675 2484 833 2567 κρείττων
860 2487 993 2548 πολλῶν
1021 2482 1091 2548 ίστι

77 2585 281 2675 χρημάτων),
312 2585 368 2653 καὶ
396 2589 437 2653 τὰ
464 2589 631 2653 Διονύσια
660 2584 697 2653 δὲ
726 2595 923 2673 θεωροῦμεν
954 2587 1015 2673 ούχ
1047 2589 1091 2667 ὡς

77 2696 266 2780 ληνόμενοί
294 2716 326 2758 τι
356 2695 445 2779 παρὰ
477 2705 544 2759 τῶν
572 2694 760 2780 ὑποκριτῶν
789 2693 871 2759 ἀλλὰ
902 2692 956 2760 καὶ
988 2713 1090 2782 προσ-

78 2801 209 2883 θέντες,
243 2800 366 2878 πολλάς
397 2823 432 2865 τε
464 2786 566 2878 ἄλλας
599 2798 681 2877 θέας
713 2798 871 2884 ἑλοίμεθα
902 2799 988 2883 <ιλν>
1016 2800 1091 2865 ἀντὶ

77 2913 211 2973 πολλῶν
232 2907 423 2993 χρημάτων·
447 2907 533 2973 οὕτω
558 2905 613 2972 καὶ
635 2907 696 2990 τήν
714 2909 864 2993 θεωρίαν
883 2915 944 2973 τοῦ
966 2910 1090 2984 παντὸς
1104 2924 1131 2964 25

78 3012 299 3099 προτιμητέον
326 3013 461 3078 πάντων
488 3024 556 3079 τῶν
584 3013 776 3078 δοκούντων
801 3007 886 3078 εἶναι
909 3017 1089 3100 χρησίμων.

167 3230 234 3292 3sq.
255 3223 288 3278 of.
306 3221 391 3278 Axist.
410 3223 491 3292 polit.
511 3228 536 3277 Δ
557 3224 616 3292 (Η).
637 3228 728 3290 13342,
743 3229 776 3276 31
795 3224 805 3291 ΙΙ
825 3229 857 3277 19
868 3240 929 3291 sqq.
948 3223 982 3278 ef.
1003 3221 1088 3278 Cicer.

77 3294 160 3349 Tune.
176 3301 201 3361 5,
217 3300 242 3362 3,
257 3299 323 3362 8sq.
343 3293 442 3347 Iambl.
456 3293 514 3348 vit.
528 3292 609 3363 Pyth.
625 3298 659 3348 58
677 3311 704 3362 p.
720 3298 762 3360 39,
780 3299 813 3347 16
823 3311 882 3362 sqq.
897 3292 1004 3348 Nauck.

166 3494 183 3542 2
198 3487 235 3555 τῷ
246 3485 395 3542 deleverim
408 3489 420 3558 11
434 3492 467 3542 23
482 3484 759 3560 προσδόντεςῦὶολε.
768 3485 1001 3545 emmam
1012 3481 1045 3534 R
1056 3483 1128 3530 3³)ss

73 3561 108 3626 (αι
124 3564 166 3624 93,
181 3563 217 3610 ιν
228 3557 367 3629 Adeone.)
379 3561 393 3630 ΙΙ
406 3565 440 3616 24
460 3555 500 3618 ἂν
519 3563 640 3622 ιιᾱᾱὶδὶλ
654 3565 696 3636 Κ,
714 3562 820 3622 οοεοὶο
838 3558 936 3614 mee,
