2430 3848
135 167 179 232 34
544 163 735 220 1AMBL10H1

133 432 169 500 δὲ
195 431 296 500 οὐδὲν
318 435 399 500 άλλο
423 431 514 499 ἐστὶν
537 432 557 516 ἢ
580 433 618 498 τὸ
642 438 856 518 φιλοσοφεῖν,
882 433 965 498 ὥστε
988 432 1150 501 καὶκατὰ

131 543 256 625 ταύτην
282 542 344 625 την
373 542 537 626 διαίρεσιν
563 540 699 605 πάντων
727 540 869 623 μάλιστα
898 540 1149 626 φιλοσοφητέον

128 659 199 725 τοις
221 647 441 733 βουλομένοις
464 641 689 731 εὖπράττειν.

101 773 114 814 ε
217 757 278 832 Εἰς
291 754 391 819 ταύτὸ
407 751 444 818 δὲ
459 751 554 839 φέρει
567 750 661 829 τέλος
674 749 729 819 καὶ
743 751 764 836 ἡ
778 754 891 818 τοιάδε
905 756 1037 839 ἔφοδος.
1051 756 1151 820 ’πᾶσα

128 861 230 946 φύσις
249 862 358 945 ὥσπερ
379 861 500 944 ἔχουσα
518 860 621 941 λόγον
641 855 747 924 οὐδέν
766 856 827 943 μὲν
846 861 916 944 εἰκῇ
934 870 1033 943 ποιεῖ,
1053 859 1151 926 ἕνεκα

129 965 168 1031 δέ
188 989 279 1043 τινος
302 966 424 1048 πάντα,
452 963 508 1031 καὶ
535 970 663 1049 μᾶλλον
690 973 751 1030 τοῦ
778 963 875 1031 ἕνεκά
902 988 994 1044 τινος
1016 968 1053 1031 τὸ
1077 969 1149 1051 εἰκῆ

128 1072 305 1159 ἐξορίσασα
323 1075 544 1159 πεφρόντικεν
567 1075 650 1158 ἤπερ
672 1073 709 1136 αί
723 1069 848 1157 τέχναι,
872 1073 923 1138 ὁτι
940 1071 996 1138 καὶ
1016 1073 1150 1157 φύσεως

128 1181 166 1245 αλ
176 1178 289 1264 τέχναι
302 1175 390 1263 ἦσαν
404 1181 579 1263 μιμήματα.
613 1188 674 1244 τοῦ
689 1176 726 1247 δὲ
742 1178 928 1266 ἀνθρώπου
943 1191 1150 1256 συνεστῶτος

90 1305 116 1344 10
131 1287 231 1371 φύσει
259 1285 295 1351 έκ
322 1294 429 1371 ψυχῆς
452 1308 487 1349 τε
510 1283 564 1349 καὶ
588 1285 755 1369 σώματος,
783 1288 953 1368 βελτίονος
982 1283 1018 1351 δὲ
1047 1286 1150 1370 οὔσης

128 1402 186 1476 τῆς
208 1400 316 1477 ψυχῆς
338 1400 399 1457 τοῦ
427 1391 579 1475 σώματος
606 1389 662 1457 καὶ
689 1389 740 1456 άεὶ
766 1400 828 1456 τοῦ
854 1394 1025 1474 βελτίονος
1052 1391 1151 1458 ἕνεκα

129 1495 402 1583 ὁπηρειουμένου
425 1507 486 1563 τοῦ
508 1501 674 1584 χείρονος,
701 1495 756 1563 καὶ
781 1499 819 1564 κὸ
843 1508 937 1583 σῶμα
959 1508 1017 1584 τῆς
1040 1509 1149 1585 ψυχῆς
1162 1518 1213 1559 351

128 1602 225 1669 ἕνεκά
248 1603 326 1670 ἐστι.
368 1613 425 1688 τῆς
442 1614 550 1688 ψυχῆς
569 1600 606 1669 δέ
626 1605 663 1670 τὸ
683 1601 744 1688 μὲν
762 1600 804 1688 ἦν
823 1607 901 1690 έχον
920 1608 1033 1690 λόγον,
1056 1607 1095 1672 τὸ
1116 1605 1146 1672 δ’

129 1711 190 1776 οὐκ
213 1714 301 1796 ἔχον,
325 1713 404 1796 ὅπερ
425 1710 480 1778 καὶ
502 1723 630 1798 χεῖρον·
654 1713 738 1776 ὥστε
760 1713 797 1777 τὸ
821 1714 946 1797 άλογον
969 1711 1065 1778 ἕνεκα
1087 1723 1150 1780 τοῦ
1163 1730 1213 1772 941<

91 1834 116 1876 ιι
131 1820 233 1898 λόγον
257 1820 400 1902 ἔχοντος.
446 1818 483 1883 ἐν
507 1815 544 1883 δὲ
571 1827 616 1906 τῷ
644 1820 746 1901 λόγον
763 1820 879 1902 Ιἔχοντι
902 1817 920 1883 ὁ
943 1827 1037 1895 νοῦς·
1065 1820 1149 1886 ὥστε

127 1934 189 1989 τοῦ
221 1932 285 1989 νοῦ
318 1923 414 1989 ἕνεκα
447 1924 555 1988 πάντα
588 1919 674 1989 εἶναι
712 1924 887 2008 ἀναγκάζει
918 1923 938 2007 ἡ
972 1924 1149 2005 ἀπόδειξις.

127 2039 189 2095 τοῦ
218 2029 249 2094 δ’
277 2024 320 2094 αὖ
352 2039 417 2096 νοῦ
445 2031 482 2094 αἱ
511 2032 645 2114 νοήσεις
675 2030 852 2118 ἐνέργειαι,
886 2031 1018 2117 ὁράσεις
1050 2026 1150 2099 οὖσαι

130 2146 278 2221 νοητῶν,
310 2135 355 2213 ὡς
386 2144 448 2201 τοῦ
481 2136 637 2221 ὁρατικοῦ
671 2135 820 2222 ἐνέργεια
853 2138 936 2224 ὁρᾶν
967 2139 1008 2202 τά
1035 2138 1149 2224 ὁρατά.

128 2246 278 2327 νοήσεως
317 2236 380 2307 οὖν
416 2240 471 2307 καὶ
507 2250 571 2307 νοῦ
608 2241 748 2327 <ἕνεκα>
785 2244 893 2309 πάντα
930 2244 1043 2331 αἱρετά
1078 2256 1150 2323 τοῖς

91 2368 118 2407 2⁰
131 2349 336 2436 ἀνθρώποις,
356 2355 447 2436 εἴπερ
467 2350 507 2414 τά
526 2346 586 2434 μὲν
604 2351 688 2414 άλλα
705 2359 763 2434 τῆς
781 2358 889 2435 ψυχῆς
907 2349 1004 2415 ἕνεκα
1023 2352 1148 2436 αἱρετά,

128 2466 212 2534 νοῦς
236 2453 272 2522 δέ
295 2459 333 2522 τὸ
356 2455 530 2540 βέλτιστον
553 2468 620 2522 τῶν
643 2459 726 2522 κατὰ
749 2458 860 2542 ψυχὴν
885 2459 1001 2541 μόνον,
1025 2467 1089 2524 τοῦ
1112 2457 1149 2525 δὲ

128 2566 302 2647 βελτίστου
334 2564 375 2628 τὰ
402 2563 486 2627 ἄλλα
519 2562 700 2647 συνέστηκε
733 2564 840 2649 χάριν.
886 2565 987 2629 πάλιν
1016 2560 1053 2631 δὲ
1081 2575 1149 2631 τῶν

128 2670 335 2752 διανοήσειυν
362 2667 539 2753 ἐλεύθεραι
566 2666 627 2752 μὲν
650 2665 737 2752 ἦσαν
761 2670 836 2735 ὁσαι
861 2667 907 2734 δι’
935 2670 1036 2748 αὑτάς
1060 2672 1148 2758 αἰρε-

127 2778 196 2859 ταί,
233 2776 370 2852 δούλαις
403 2771 439 2840 δὲ
472 2774 613 2840 ἐοικυῖαι
650 2777 687 2840 αἱ
721 2770 766 2841 δι’
803 2777 887 2841 ἄλλα
925 2778 987 2861 τὴν
1018 2787 1148 2860 χνῦσιν

88 2899 113 2940 25
128 2882 375 2968 άπερείδουσαι·
403 2893 553 2968 κρεῖττον
581 2878 618 2947 δέ
646 2893 817 2967 πανταχοῦ
843 2885 881 2949 τὸ
907 2880 952 2949 δι’
980 2883 1062 2950 αὑτὸ
1087 2893 1148 2951 τοῦ

129 2982 173 3053 δι’
209 2989 305 3071 άλλο,
342 2988 393 3053 ὅτι
424 2986 479 3053 καὶ
516 2989 552 3053 τὸ
585 2988 768 3074 ἐλεύθερον
799 2998 861 3054 τοῦ
897 2991 942 3074 μὴ
980 2991 1148 3057 τοιούτου.

128 3093 309 3184 χρωμένων
338 3095 378 3178 δη
411 3103 478 3158 τῶν
510 3094 661 3181 πράξεων
692 3104 732 3181 τῇ
767 3097 915 3183 διανοίᾳ,
947 3095 1011 3162 κάν
1046 3097 1148 3174 αὐτὸς

134 3212 348 3221 -m

201 3257 302 3307 σπάσα
312 3257 368 3304 κτλ.
376 3268 464 3318 usque
475 3251 512 3304 ad
521 3252 645 3306 medium
653 3270 675 3307 ο.
684 3251 736 3305 XII
743 3255 875 3323 excerpta
885 3256 951 3309 sunt
958 3255 1147 3309 Aristotelian.

130 3323 422 3394 cf.Bywater‚J0urn.
432 3323 679 3391 ofPhil.1155sqq.
695 3323 932 3391 Hirzel‚Herm.X
942 3326 1147 3398 [1876]83sqq.

131 3419 346 3434 ...--.-..-ὶ-

195 3472 233 3518 10
241 3467 391 3536 βελτίονος
404 3463 459 3536 δὴλ
472 3468 483 3538 λ
498 3472 531 3522 13
552 3461 610 3522 ἔστι
624 3466 734 3520 Vitelli:
755 3463 830 3521 εἶναι
843 3469 853 3537 ΙΙ
868 3472 901 3522 19
918 3468 985 3536 (non
1001 3469 1047 3538 16)
1061 3466 1147 3523 ἕνεκα

102 3530 223 3587 addidit
240 3536 394 3594 Vulcanius
407 3540 468 3611 1121
484 3535 580 3612 μόνον
594 3541 828 3610 εαοροολοωλλλ
846 3534 932 3600 αῦτὸς
944 3533 960 3592 ὁ
974 3539 1044 3600 νοῦς
1053 3539 1148 3592 mol.
