2416 3840
317 175 591 232 PROTREPTICUS
612 178 646 246 (ο.
661 175 820 246 1111111).
1031 176 1074 240 45

55 344 113 407 διὰ
130 342 195 425 τὴν
216 341 309 417 όύιν·
329 340 454 422 ταύτην
472 340 536 423 γὰρ
555 339 617 422 τὴν
636 340 781 422 δύναμιν
800 339 1075 425 ὑπερβαλλόντως

56 452 242 534 φαίνονται
269 451 461 530 φιλοῦντες·
495 445 578 528 αὑτη
607 447 669 530 γὰρ
697 446 780 528 πρὸς
812 447 869 523 τὰς
898 448 999 522 όίλλας
1026 448 1076 511 αί-

58 557 201 639 σθήσεις
224 554 335 636 ὥσπερ
359 551 519 635 ἐπιστήμη
543 575 592 629 τις
616 551 760 636 ἀτεχνῶς
783 551 883 616 ἐστιν.

148 659 242 724 VIII.
277 659 327 724 Οὐ
354 669 468 745 χεῖρον
493 653 524 722 δ’
550 661 597 723 ἔτι
620 656 674 723 καὶ
699 658 762 723 ἀπὸ
786 669 854 723 τῶν
877 668 1000 723 κοινῶν
1024 659 1077 723 ἐν·
1126 740 1130 746 ἡ

56 778 163 832 νοιῶν
194 767 385 849 ὑπομνῆσαι
412 767 449 830 τὸ
478 766 713 850 προκείμενον,
741 764 805 830 ἀπὸ
833 775 901 830 τῶν
929 763 1104 850 ἐναργῶςι

57 883 140 939 πᾶσι
154 870 382 958 φαινομένων.
414 869 512 937 παντὶ
529 873 570 955 δὴ
586 866 648 936 οὖν
662 875 761 937 τοῦτό
779 897 817 956 γε
835 874 1018 958 πρόδηλον,
1033 871 1078 947 ὡς
1182 877 1184 880 ’

59 977 173 1056 οὐδεὶς
192 978 234 1044 ύν
253 978 361 1044 ἕλοιτο
383 982 439 1062 ζῆν
455 981 539 1063 ἔχων
558 979 620 1062 τὴν
639 981 797 1062 μεγίστην
813 976 868 1042 ἀπ’
886 979 1078 1064 ἀνθρώπων

10 1107 46 1147 55.
60 1085 183 1151 οὑσίαν
202 1083 258 1150 καὶ
277 1085 433 1169 δύναμιν,
453 1084 631 1168 ἐξεστηκὼς
649 1082 762 1169 μέντοι
785 1093 846 1149 τοῦ
864 1095 1006 1169 φρονεῖν
1024 1083 1079 1150 καὶ

60 1194 279 1278 μαινόμενος,
309 1185 383 1257 οὐδ’
410 1193 441 1256 εί
466 1190 582 1275 μέλλοι
608 1192 665 1268 τὰς
687 1191 929 1268 νεανικωτύτας
955 1191 1081 1274 ἡδονὰς

60 1300 84 1382 †
102 1300 198 1378 ζώειν
215 1301 354 1385 χαίρων,
378 1299 488 1384 ὥσπερ
507 1299 592 1363 ίνιοι
611 1308 678 1363 τῶν
696 1299 1008 1385 παραφρονούντων
1031 1299 1080 1361 ‹55-
1096 1320 1121 1360 10

62 1406 213 1489 ύγουσιν.
252 1405 378 1470 ούκοῦν
398 1405 607 1491 ἀφροσύνην,
627 1405 672 1482 ὡς
690 1407 787 1488 ἔοικε,
807 1406 948 1489 μάλιστα
961 1406 1081 1482 πάντες

62 1513 260 1596 φεύγουσιν.
303 1511 463 1577 ’ἐναντίον
487 1508 524 1576 δὲ
547 1513 711 1594 φρόνησις
734 1511 926 1598 ἀφροσύνη,
955 1523 1023 1577 τῶν
1046 1503 1078 1576 5’

63 1618 227 1683 ἐναντίων
251 1616 406 1702 ἑκάτερον
425 1618 462 1681 τὸ
482 1611 543 1700 μὲν
563 1618 709 1699 φευκτόν
728 1617 797 1681 ἐστι
819 1619 857 1681 τὸ
882 1614 919 1682 δὲ
938 1619 1080 1702 αίρετόν.

10 1743 51 1784 u.
65 1725 176 1808 ὥσπερ
196 1717 314 1788 οὖντὸ
333 1724 472 1808 κάμνειν
491 1723 649 1805 φευκτόν,
671 1721 776 1797 οὑτως
795 1722 928 1806 αίρετὸν
946 1723 1027 1806 ἡμῖν
1045 1723 1082 1786 τὸ

64 1831 240 1914 ὑγιαίνειν.
287 1831 453 1914 φρόνησις
475 1823 552 1912 οὖν,
581 1827 626 1904 ὡς
649 1830 749 1911 ἔοικε,
773 1824 829 1892 καὶ,
855 1829 937 1892 κατὰ
964 1836 1085 1892 τοῦτον
1099 1849 1124 1892 15

66 1937 126 2002 τὸν
154 1938 257 2019 λόγον
289 1937 444 2020 φαίνεται
475 1936 513 2000 τὸ
546 1936 681 1999 πάντων
709 1935 929 2019 αἱρετώτατον
962 1934 1003 1999 οὑ
1037 1932 1081 1999 δι’

67 2042 183 2129 ἕτερόν
219 2066 251 2108 τι
287 2053 355 2107 τῶν
392 2044 663 2126 συμβαινόντων,
705 2042 749 2118 ὡς
785 2051 1014 2130 μαρτυροῦσιν
1051 2043 1088 2106 αί

68 2146 181 2215 κοιναὶ
204 2151 349 2214 ἔννοιαι-
388 2151 419 2213 εί
440 2150 504 2236 γὰρ
527 2146 583 2214 καὶ
605 2148 712 2214 πύντα
734 2172 785 2226 τις
808 2153 892 2235 ἔχοι,
921 2152 1085 2235 διεφθαρ-

69 2254 170 2341 μένος
193 2253 231 2320 δὲ
254 2260 304 2339 είη
328 2252 384 2319 καὶ
405 2266 519 2321 νοσῶν
542 2263 587 2342 τῷ
611 2265 808 2338 φρονοῦντι,
832 2257 893 2341 οὐχ
918 2256 1084 2341 αίρετὸςὸ

69 2365 156 2445 βίος·
195 2356 295 2426 οὐδὲν
328 2363 392 2448 γὰρ
425 2363 547 2445 ὄφελος
579 2356 659 2425 οὑδὲ
691 2371 759 2425 τῶν
791 2362 903 2426 ἄλλων
935 2361 1084 2442 ἀγαθῶν.
1100 2381 1126 2421 το

71 2469 156 2533 ὥστε
183 2468 304 2544 πάντες
335 2469 486 2532 καθόσον
520 2466 741 2531 αἰσθάνονται
773 2474 833 2531 τοῦ
863 2477 1005 2553 φρονεῖν
1032 2466 1087 2532 καὶ

69 2575 233 2659 γεύεσθαι
270 2574 432 2639 δύνανται
473 2574 597 2639 τούτου
637 2581 698 2638 τοῦ
737 2574 943 2658 πράγματος,
986 2570 1087 2640 οὐδὲν

71 2687 202 2747 οίονται
224 2674 327 2746 τᾶλλα
351 2675 452 2763 εἶναι,
480 2678 536 2746 καὶ
563 2680 620 2744 διὰ
647 2681 771 2764 ταύτην
794 2681 856 2763 τὴν
879 2683 989 2747 αἰτίαν
1013 2676 1085 2747 οὔτ’

71 2785 114 2852 ἂν
133 2787 272 2871 μεθύων
290 2785 368 2850 ούτε
386 2785 522 2850 παιδίον
542 2779 617 2850 οὐδ’
640 2784 682 2850 ἂν
701 2777 748 2862 εἷς
765 2785 859 2870 ἡμῶν
877 2785 1089 2870 ὑπομείνειεν

72 2889 160 2960 εἶναι
184 2895 240 2959 διὰ
263 2892 379 2971 τέλους
400 2894 461 2959 τὸν
483 2895 569 2976 βίον.
612 2893 668 2957 διὰ
687 2892 728 2974 δὴ
748 2900 847 2957 τοῦτο
870 2889 926 2956 καὶ
949 2893 986 2956 τὸ
1005 2899 1089 2957 καθ-
1103 2909 1129 2951 νε

116 3103 118 3109 ·
163 3093 189 3142 5.
208 3105 236 3156 p.
251 3092 294 3154 ιτ,
309 3090 326 3139 1
340 3083 427 3139 Arist.
442 3086 476 3140 fr.
491 3089 525 3140 55
535 3087 568 3139 R.
584 3089 622 3155 (p.
638 3089 680 3154 55,
695 3091 792 3153 4-55‚
808 3087 862 3155 νο).

165 3271 179 3318 1
199 3261 416 3338 ὑπερβαλόντος
433 3263 480 3317 hic
499 3265 528 3317 et
544 3281 573 3332 p.
592 3267 685 3330 4513
704 3265 713 3331 ΙΙ
731 3269 747 3316 ό
766 3261 857 3344 <καλ>
876 3257 933 3316 ἀπὸ
954 3261 1024 3315 coni.
1042 3258 1090 3330 ΑΙΙ

76 3341 91 3390 7
112 3329 167 3390 ὑπ’
191 3353 246 3392 0111.
270 3351 366 3405 apogr.
391 3333 517 3389 Gizense:
540 3329 604 3388 κατ’
629 3328 786 3401 ἄνθρωπον
806 3331 906 3386 V1telli
923 3334 933 3401 ΙΙ
957 3337 990 3386 10
1009 3328 1091 3397 ζώειν

76 3410 251 3477 corruptum:
275 3405 409 3462 ὑιιύκεινλ
433 3403 524 3460 Diels:
548 3400 677 3473 ὑιοίγεινλ
703 3402 800 3457 Vitelli
816 3405 826 3472 ΙΙ
844 3409 877 3457 21
902 3404 952 3457 τοὺ
972 3410 1092 3472 φρονεῖν

75 3478 142 3548 post
158 3480 209 3534 τοὺ
227 3475 392 3549 πράγματος
410 3475 563 3532 collocavit
576 3476 658 3546 Rose,
676 3474 772 3530 nescio
786 3491 846 3544 qua.
856 3475 1107 3539 ταὺὶοοωοκοεὺ,

77 3553 113 3604 25
131 3546 181 3604 τὸν
197 3552 263 3622 βίον
281 3547 369 3604 deleri
387 3548 450 3605 vult
468 3547 607 3621 Scaliger.
