2430 3848
375 185 650 242 PROTREPTICUS
670 189 704 255 (c.
721 185 766 242 IX.
782 185 825 255 X).
1063 185 1106 251 55

42 367 171 432 ταμεν,
200 347 322 432 ὁμοίως
352 345 389 413 δὲ
416 346 472 413 καλ
498 349 557 414 τὸν
584 349 755 413 πολιτικὸν
779 351 866 433 ἔχειν
889 349 982 424 τινάς
1005 348 1108 434 ὅρους

96 455 147 518 δεῖ
172 453 236 519 ἀπὸ
264 463 321 538 τῆς
353 454 485 539 φύσεως
518 455 619 538 αὐτῆς
645 452 701 520 καὶ
732 463 790 538 της
817 453 991 538 ἀληθείας,
1023 455 1109 540 πρὸς

96 559 152 636 οὓς
174 571 285 646 κρινεῖ
304 563 340 625 τί
364 561 495 626 δίκαιον
522 559 578 626 καὶ
600 564 635 627 τί
654 563 758 626 καλόν
780 557 836 626 καλ
863 561 898 624 τί
923 559 1107 646 συμφόρου.

96 666 204 750 ὥσπερ
226 668 291 751 γάρ
313 665 382 732 ἐκεί
401 677 468 732 τῶν
487 667 641 753 ὀργάνων
659 675 762 733 ταῦτα
786 663 938 752 διαφέρει
960 666 1106 750 πάντων,

96 771 181 836 οὕτω
218 770 273 838 καὶ
309 776 412 858 νόμος
447 774 622 850 κάλλιστος
654 773 672 839 δ
705 774 846 858 μάλιστα
881 773 964 838 κατὰ
1001 773 1134 856 φύσινι

42 895 83 935 ιιι.
95 880 252 962 κείμενος.
298 888 395 944 τοῦτο
429 874 460 944 δ’
491 880 552 964 οὐχ
585 871 658 945 οἷόν
686 903 721 945 τε
751 879 795 962 μὴ
829 881 1106 963 φιλοσοφήσαντα

97 985 264 1049 δύνασθαι
286 995 395 1050 ποιεῖν
418 981 501 1069 μηδὲ
524 987 734 1072 γνωρίσαντα
757 986 819 1068 την
843 984 1014 1069 ἀληθειαν.
1050 982 1107 1049 καλ

95 1100 160 1154 τῶν
184 1086 246 1173 μὲν
268 1091 379 1156 ἀλλων
401 1102 526 1175 τεχνῶν
550 1091 590 1156 τά
617 1114 651 1156 τε
675 1091 802 1176 όργανα
829 1088 884 1154 καλ
911 1093 990 1167 τοὺς
1017 1095 1107 1174 λογι-

95 1199 200 1280 σμοὺς
222 1199 301 1274 τοὺς
320 1196 575 1281 ἀκριβεστάτους
594 1196 655 1261 οὐκ
673 1193 728 1260 ἀπ’
751 1195 861 1261 αὐτῶν
880 1206 947 1260 τῶν
965 1195 1107 1281 πρῶτον

93 1304 252 1385 λαβόντες
275 1304 395 1387 σχεδὸν
418 1308 546 1386 ίσασιν,
576 1300 647 1368 ἀλλ’
675 1301 738 1367 ἀπὸ
766 1312 833 1367 τῶν
862 1300 1028 1387 δευτέρων
1050 1299 1106 1367 καὶ
1121 1329 1149 1370 ιο

94 1411 215 1492 τρίτων
242 1407 296 1474 καλ
324 1413 532 1492 πολλοστῶν,
561 1410 639 1485 τούς
666 1432 701 1474 τε
728 1411 849 1492 λόγους
874 1405 907 1486 ἐξ
938 1406 1108 1496 ἐμπειρίας

93 1513 314 1599 λαμβάνουσι·
348 1522 393 1603 τῷ
423 1510 460 1580 δὲ
488 1517 663 1602 φιλοσόφῳ
691 1516 783 1602 μόνῳ
813 1526 880 1579 τῶν
909 1515 1019 1581 ἀλλων
1048 1512 1104 1581 ἀπ’

94 1620 205 1685 αὐτῶν
227 1631 295 1685 τῶν
319 1620 465 1706 ἀκριβῶν
486 1620 506 1703 ἡ
530 1622 665 1704 μίμησίς
689 1620 790 1684 ἐστιν·
815 1620 926 1685 αὐτῶν
949 1622 1013 1705 γάρ
1037 1621 1107 1688 ἐστι

93 1730 231 1811 θεατής,
260 1722 332 1792 ἀλλ’
363 1727 405 1792 οὐ
432 1727 637 1811 μιμημάτων.
683 1727 792 1807 ὥσπερ
820 1720 883 1790 οὖν
913 1724 986 1791 οὐδ’
1019 1728 1107 1792 οίκο-

94 1834 197 1916 δόμος
220 1833 348 1916 ἀγαθός
371 1832 461 1897 ἐστιν
485 1827 583 1909 οὗτος
601 1831 691 1908 ὅστις
708 1833 826 1896 κανόνι
845 1827 907 1914 μὲν
926 1833 969 1914 μὴ
989 1841 1106 1917 χρῆται
1120 1858 1147 1899 15

94 1937 178 2024 μηδὲ
197 1951 264 2005 τῶν
279 1941 390 2004 ἀλλων
404 1935 523 2023 μηδενὶ
541 1949 608 2003 τῶν
622 1938 784 2003 τοιούτων
799 1937 963 2023 ὀργάνων,
983 1935 1108 2020 ἑτέροις

94 2043 132 2111 δὲ
156 2047 397 2130 οἰκοδομήμασι
417 2045 650 2131 παραβάλλων,
674 2044 796 2128 ὁμοίως
820 2050 899 2122 ίσως
920 2043 983 2109 κάν
1006 2049 1040 2109 εί
1058 2068 1108 2122 τις

42 2151 115 2236 Ui
133 2155 259 2235 νόμους
277 2156 405 2217 τίθεται
423 2153 560 2216 πόλεσιν
574 2150 594 2234 ἢ
613 2150 747 2235 πράττει
760 2151 893 2234 πράξεις
909 2149 1107 2234 ἀποβλέπων

93 2255 149 2323 καλ
172 2258 376 2342 μιμούμενος
403 2259 486 2342 πρὸς
513 2254 625 2342 ἑτέρας
651 2254 785 2340 πράξεις
811 2255 832 2339 ἢ
856 2258 1022 2334 πολιτείας
1050 2257 1107 2322 ἀν-

93 2367 269 2451 θρωπίνας
291 2365 568 2448 Λακεδαιμονίων
595 2362 616 2445 ἢ
644 2365 787 2447 Κρητῶν
816 2364 837 2444 ἤ
865 2384 967 2426 τινων
995 2364 1106 2428 ἀλλων
1121 2387 1149 2426 νο

93 2471 268 2553 τοιούτων,
292 2470 353 2535 οὐκ
379 2469 507 2554 ἀγαθὸς
529 2465 718 2552 νομοθέτης
742 2463 822 2532 οὐδὲ
845 2468 1041 2544 σπουδαῖος·
1065 2469 1107 2533 οὐ

93 2578 159 2661 γάρ
187 2574 353 2661 ἐνδέχεται
385 2578 429 2661 μη
461 2581 566 2642 καλοῦ
598 2577 726 2659 μίμημα
757 2576 860 2640 καλὸν
891 2567 991 2657 εἶναι,
1023 2571 1108 2659 μηδὲ

92 2686 193 2748 θείου
220 2681 275 2747 καλ
302 2686 440 2766 βεβαίου
463 2683 524 2766 τὴν
547 2681 652 2765 φύσιν
680 2680 852 2746 ἀθάνατον
874 2679 929 2746 καὶ
959 2679 1107 2766 βέβαιον,

93 2788 178 2854 ἀλλά
197 2791 303 2873 μόνον
322 2788 373 2853 ότι
390 2791 497 2873 μόνον
516 2798 583 2854 τῶν
603 2790 817 2874 δημιουργῶν
836 2795 896 2852 τοῦ
915 2789 1107 2871 φιλοσόφου

92 2891 148 2959 καλ
171 2896 270 2979 νόμοι
294 2892 422 2979 βέβαιοι
445 2891 501 2960 καλ
528 2892 660 2978 πράξεις
688 2889 773 2956 εἰσὶν
797 2889 900 2975 ὀρθαὶ
922 2889 977 2956 καὶ
999 2896 1107 2959 καλαί.
1121 2913 1149 2954 εει

42 3018 80 3058 m·
94 3002 198 3084 μόνος
225 3002 288 3086 γάρ
316 3002 399 3085 πρὸς
426 3001 487 3083 τὴν
515 3000 620 3083 φύσιν
648 2996 779 3082 βλέπων
811 3000 846 3082 ζῇ
877 2995 933 3062 καὶ
960 3000 1043 3085 πρὸς
1069 3001 1106 3065 τὸ

93 3111 208 3188 θεῖον,
234 3105 290 3171 καλ
313 3107 464 3191 καθάπερ
488 3105 530 3170 ἀν
553 3107 585 3170 εί
610 3106 814 3188 κυβερνήτης
841 3128 890 3181 τις
917 3103 1046 3187 ἀγαθὸς
1074 3105 1107 3184 ἐξ

165 3269 181 3318 8
193 3280 253 3332 sqq.
264 3263 298 3320 cf.
308 3263 424 3333 Archyt.
434 3279 479 3333 ap.
487 3261 564 3317 δὲοὶ).
572 3262 630 3316 Ecl.
641 3261 704 3331 148,
713 3269 728 3318 6
737 3265 773 3331 (p.
783 3267 844 3330 316,
852 3267 868 3315 9
877 3261 1107 3331 sqq.Wachsm.).

167 3412 200 3460 18
219 3400 336 3471 πράττει
351 3403 462 3473 scripsi:
476 3400 593 3471 πράττη.
626 3418 660 3455 ex
674 3401 813 3457 contrario
827 3403 943 3469 τόθηται
956 3400 1055 3468 (immo
1067 3422 1112 3454 τι-

93 3477 194 3546 θῆται)
215 3493 266 3532 scr.
281 3476 314 3562 Ιξ,
334 3477 368 3531 cf.
383 3474 493 3530 Vahlen
512 3473 551 3559 aud
564 3474 612 3560 Δρ.
626 3472 708 3530 Ρουδ.
720 3491 752 3563 ρ.
764 3477 916 3541 Ἁλλδρὶῶ
928 3469 1145 3549 QWQXN

94 3553 127 3600 19
144 3547 192 3599 καί
208 3564 382 3616 μιμουμενος
401 3547 479 3604 delet
501 3546 605 3606 Vltelh
617 3549 629 3621 λλ
641 3552 682 3604 24
701 3547 815 3622 90⁹0on
832 3547 923 3616 δῆλον
936 3536 1068 3594 W&-
