2430 3848
388 184 660 241 PROTREPTICUS
679 188 714 254 (ο.
730 185 814 255 XXI).
1044 186 1105 250 121

92 348 250 430 ἐδηλώθη
273 342 343 413 κατ’
371 346 493 413 οὐδένα
512 350 636 433 τρόπον
660 352 783 434 μόνιμα
801 346 856 413 καὶ
875 350 914 436 τὰ
933 349 1017 414 αὐτὰ
1036 346 1108 414 ἑαυ-

10 475 38 518 σι
47 473 76 515 Δ.
92 463 162 530 τοῖς
194 453 400 540 ὑπάρχοντα,
437 454 494 519 ἵνα
525 453 581 518 καὶ
615 456 755 538 βεβαίαν
788 455 1045 539 ἐπιστημονικόν
1074 477 1109 519 τε

92 561 257 646 ὑπομείνῃ
280 562 465 645 κατάληψιν
488 559 543 626 καὶ
567 561 747 645 ἐπίγνωσιν
770 563 815 639 ὡς
838 562 955 627 ἐκεῖνα.

39 671 80 730 κε’
187 668 232 732 To
256 664 294 732 δὲ
315 665 404 752 περὶ
426 674 531 732 θεῶν
554 664 678 752 μηδὲν
701 670 933 752 θαυμαστὸν
954 666 1109 732 ἀπίστει

10 792 78 838 ιαιτ
94 769 193 857 μηδὲ
206 770 304 858 ,περὶ
327 776 451 838 θείων
469 774 676 858 δογμάτων
693 773 871 860 προτρέπει
891 772 1036 858 μετιέναι
1054 772 1137 838 καὶε

93 885 238 944 κτᾶσθαι
266 879 375 945 ἐκεῖνα
403 880 442 945 τὰ
471 883 664 965 μαθήματα,
698 879 741 944 δι’
774 880 795 946 δ
828 883 889 946 οὐκ
921 881 1111 964 ἀπιστήσεις

95 984 207 1051 οὐκέτι
230 984 304 1071 περὶ
327 993 419 1082 θεῶν
447 984 501 1052 καὶ
528 984 604 1072 περὶ
627 990 732 1052 θείων
760 989 935 1072 δογμάτων
963 991 1049 1073 έχων
1071 989 1111 1052 τὰ

94 1095 275 1177 μαθήματα
296 1091 352 1158 καὶ
374 1093 432 1170 τδις
456 1093 708 1178 ἐπιστημονικὰς
732 1093 922 1172 ἀποδείξεις.

37 1205 81 1265 ις’
188 1199 233 1264 Τὸ
259 1196 295 1265 δὲ
319 1199 466 1287 ἀσχέτφ
490 1198 630 1283 γέλωτι
653 1202 701 1284 μη
727 1203 887 1285 ἔχεσθαι
914 1202 1013 1283 δηλοῖ
1033 1224 1111 1284 κρα-

92 1316 164 1370 τεῖν
186 1315 255 1371 τῶν
277 1311 398 1370 παθῶν
423 1306 478 1370 διὰ
504 1309 607 1390 λόγον
635 1309 828 1392 φιλοσόφου
855 1304 983 1390 ἐπέχειν
1011 1330 1045 1372 τε
1073 1309 1110 1372 τὸ
1126 1328 1153 1367 ιο

94 1411 338 1496 εὐμετάβλητον
356 1410 411 1477 καὶ
426 1413 467 1478 οὐ
482 1415 625 1497 μόνιμον
644 1425 710 1479 τῶν
729 1413 955 1498 ἀνθρωπίνων
976 1420 1111 1478 παθῶν·

92 1518 324 1605 ὑπομίμνησκε
353 1515 390 1584 δὲ
412 1521 537 1584 σαυτὸν
565 1529 626 1584 τοῦ
652 1521 761 1604 ὀρθοῦ
789 1523 907 1603 λόγου,
938 1522 1018 1604 μήτε
1048 1522 1112 1606 ίίρα

93 1624 262 1710 εὐτυχίαις
290 1625 471 1710 ἐπιχαυνοῦ
499 1628 578 1709 μη’τε
607 1637 796 1710 συμφοραῖς
824 1635 1048 1691 συνταπεινοῦ
1075 1627 1113 1691 ἐν

95 1731 266 1820 οὐθετέρςο
290 1735 473 1817 μεταβολῆς
497 1735 632 1798 ἔννοιαν
659 1732 946 1815 ὑπολογιζόμενος.
991 1735 1051 1796 τὸν
1075 1730 1112 1797 δὲ

93 1835 221 1921 γέλωτα
239 1836 323 1923 ὑπὲρ
342 1840 477 1904 πάντων
497 1850 564 1904 τῶν
587 1845 708 1904 παθῶν
730 1839 913 1921 ὠνόμασεν,
937 1838 987 1903 ὅτι
1012 1841 1113 1923 μόνος
1128 1860 1153 1899 15

95 1945 237 2028 μάλιστα
261 1944 412 2030 ἐκφανῶς
435 1947 607 2030 μηνύεται,
631 1945 741 2029 ὥσπερ
761 1969 793 2008 τι
812 1944 989 2028 έποίνθημα
1008 1944 1113 2029 ὑπάρ-

95 2074 164 2135 χων
192 2049 247 2116 καί
275 2051 460 2136 ἐπίφλεγμα
491 2049 587 2137 μέχρι
619 2052 800 2137 προσώπου
832 2060 890 2135 τῆς
921 2048 1112 2128 διαθέσεως.

96 2163 176 2233 ι”σως
196 2152 232 2222 δὲ
248 2156 504 2242 [παραγγέλλει],
525 2157 637 2240 ἐπειδη
658 2157 841 2242 ἀνθρώπου
859 2158 948 2223 ίδιον
966 2160 1056 2243 παρὰ
1073 2159 1114 2222 τδι

95 2265 179 2328 ἄλλα
203 2266 267 2351 ζῷα
286 2258 384 2340 οὗτος
407 2261 588 2349 (ὁρίζονται
607 2273 692 2347 γοῦν
710 2288 798 2340 τινες
818 2269 901 2352 ζῷον
920 2264 1001 2330 αὐτὸ
1020 2269 1113 2347 γελα-

96 2371 210 2434 στικὸν
231 2364 342 2456 εἶναι),
367 2371 526 2454 δηλοῦται
548 2370 613 2434 ὑπὸ
637 2380 698 2435 τοῦ
715 2369 986 2454 παραγγέλματος
1008 2372 1045 2435 τὸ
1069 2371 1113 2454 μὴ
1128 2391 1156 2430 ιο

10 2493 82 2536 [sss.
98 2474 264 2560 έπιμόνως
295 2475 350 2541 καί
371 2477 612 2567 δοἰμεταβλήτως
645 2484 684 2560 τῇ
717 2477 951 2561 ἀνθρωπότητι
984 2478 1113 2560 έμμενε,

10 2600 77 2642 κισ.
96 2581 181 2646 ἀλλὰ
204 2583 343 2667 μίμησιν
370 2588 455 2648 θεοῦ
478 2585 559 2647 κατὰ
587 2585 624 2648 τὸ
649 2584 795 2648 δυνατὸν
821 2594 887 2647 κτῶ
915 2588 1114 2714 φιλοσοφῶν

94 2686 151 2754 καί
173 2696 235 2753 τοῦ
259 2690 437 2773 ἰδιώματος
460 2691 581 2754 τούτου
603 2701 671 2755 τῶν
699 2689 889 2775 ἀνθρώπων
912 2689 1113 2775 ὑπεκχωρων

95 2797 288 2880 προκρίνων
310 2817 345 2859 τε
368 2796 405 2859 τὸ
429 2797 564 2878 λογικὸν
587 2804 648 2859 τοῦ
666 2800 863 2877 γελαστικοῦ
881 2795 927 2871 είς
947 2795 1114 2913 διοίκρισιν

95 2899 151 2967 καὶ
176 2902 343 2988 διαφορὰν
366 2903 448 2987 πρὸς
470 2904 510 2966 τδι
534 2902 633 2966 λοιπδι
657 2903 730 2986 ζῷα.
1128 2921 1156 2961 ιτ

40 3012 81 3081 αξ
192 3009 238 3073 Τὸ
266 3005 302 3072 δὲ
330 3009 432 3092 παρα
459 3010 559 3073 θυσί
561 3032 582 3094 ηι
610 3007 658 3092 μη
688 3006 873 3089 όνυχίζον
900 3005 975 3090 περὶ
1001 3000 1115 3089 φιλίας

97 3112 167 3180 έστὶ
190 3117 439 3199 προτρεπτικόν
465 3124 532 3179 τοῖιν
556 3114 619 3199 γὰρ
644 3115 776 3179 οίκείων
799 3110 854 3176 καί
876 3115 1114 3197 προσηκόντων

187 3277 257 3325 4-8
279 3267 319 3326 Τὸ
339 3271 421 3327 δὲ-
436 3266 610 3341 αποδείξξεις]
631 3270 696 3326 ‘Per
715 3269 837 3324 auctoris
860 3269 949 3330 nostri
967 3269 1113 3351 negligen-

94 3343 166 3397 tiam
182 3342 288 3397 facium
301 3343 414 3398 videtur
427 3346 460 3397 ut
473 3359 544 3410 quse
559 3358 643 3411 supra
657 3341 695 3411 [p.
708 3347 758 3394 110
760 3341 878 3411 6,sqq.]
894 3340 1034 3410 copiosius
1049 3345 1115 3396 sunt

96 3413 240 3482 explicata
258 3414 304 3468 hic
319 3413 491 3469 brevissimis
509 3413 685 3482 repetantur'
702 3412 820 3466 adnotat
833 3412 869 3465 K.
891 3411 1021 3479 squidem
1040 3412 1114 3465 dele·

94 3483 186 3540 verim
200 3486 240 3555 117
261 3483 345 3557 ἔχων]
364 3479 466 3541 ί.οιλ”
430 3503 552 3574 ηγονν
572 3483 608 3541 ei.
620 3502 651 3556 μ
665 3488 721 3538 m
725 3485 856 3553 ‘ibim
872 3480 1074 3547 sussqs'sm
1060 3480 1137 3526 Ks-

90 3555 163 3610 Ιοτιλ
151 3554 332 3627 ίθταίίςοιλ
347 3563 380 3612 19
399 3552 494 3614 αὐτὸν
517 3557 660 3615 οιιιοιιδοόι
673 3555 715 3637 K
