<?xml version="1.0" encoding="UTF-8"?>
<!DOCTYPE html PUBLIC "-//W3C//DTD XHTML 1.0 Transitional//EN"
    "http://www.w3.org/TR/xhtml1/DTD/xhtml1-transitional.dtd">
<html xmlns="http://www.w3.org/1999/xhtml" xml:lang="en" lang="en">
 <head>
  <title>
</title>
<meta http-equiv="Content-Type" content="text/html;charset=utf-8" />
  <meta name='ocr-system' content='tesseract 3.04.00' />
  <meta name='ocr-capabilities' content='ocr_page ocr_carea ocr_par ocr_line ocrx_word'/>
</head>
<body>
  <div class='ocr_page' id='page_1' title='image "./iamblichiprotre00jambgoog_0082.png"; bbox 0 0 2430 3848; ppageno 0'>
   <div class='ocr_carea' id='block_1_1' title="bbox 396 176 1118 247">
    <p class='ocr_par' dir='ltr' id='par_1_1' title="bbox 396 176 1118 247">
     <span class='ocr_line' id='line_1_1' title="bbox 396 176 1118 247; baseline 0.018 -17"><span class='ocrx_word' id='word_1_1' title='bbox 396 176 671 234; x_wconf 81' lang='lat' dir='ltr'>PROTREPTICUS</span> <span class='ocrx_word' id='word_1_2' title='bbox 690 181 724 246; x_wconf 69' lang='lat' dir='ltr'><em>(c,</em></span> <span class='ocrx_word' id='word_1_3' title='bbox 739 177 824 247; x_wconf 86' lang='lat' dir='ltr'>XIII).</span> <span class='ocrx_word' id='word_1_4' title='bbox 1075 178 1118 242; x_wconf 79' lang='grc'><em>63</em></span> 
     </span>
    </p>
   </div>
   <div class='ocr_carea' id='block_1_2' title="bbox 50 336 1160 3185">
    <p class='ocr_par' dir='ltr' id='par_1_2' title="bbox 50 336 1160 3185">
     <span class='ocr_line' id='line_1_2' title="bbox 193 336 1119 424; baseline 0.003 -23"><span class='ocrx_word' id='word_1_5' title='bbox 193 337 351 404; x_wconf 76' lang='grc' dir='ltr'><em>Μάλιστα</em></span> <span class='ocrx_word' id='word_1_6' title='bbox 371 336 408 404; x_wconf 73' lang='grc' dir='ltr'><em>δὲ</em></span> <span class='ocrx_word' id='word_1_7' title='bbox 426 342 517 404; x_wconf 81' lang='grc' dir='ltr'><em>ἔσται</em></span> <span class='ocrx_word' id='word_1_8' title='bbox 536 347 634 406; x_wconf 88' lang='grc' dir='ltr'><em>τοῦτο</em></span> <span class='ocrx_word' id='word_1_9' title='bbox 655 341 758 424; x_wconf 75' lang='grc' dir='ltr'><em>δῆλον</em></span> <span class='ocrx_word' id='word_1_10' title='bbox 772 338 835 404; x_wconf 90' lang='grc' dir='ltr'><em>ἀπὸ</em></span> <span class='ocrx_word' id='word_1_11' title='bbox 857 350 914 424; x_wconf 77' lang='grc' dir='ltr'><em>τῆς</em></span> <span class='ocrx_word' id='word_1_12' title='bbox 931 350 998 404; x_wconf 84' lang='grc' dir='ltr'><em>τῶν</em></span> <span class='ocrx_word' id='word_1_13' title='bbox 1018 340 1119 404; x_wconf 81' lang='grc' dir='ltr'><em>εἰδῶν</em></span> 
     </span>
     <span class='ocr_line' id='line_1_3' title="bbox 54 443 1118 531; baseline 0.005 -26"><span class='ocrx_word' id='word_1_14' title='bbox 54 463 87 504; x_wconf 79' lang='lat' dir='ltr'><em>A.</em></span> <span class='ocrx_word' id='word_1_15' title='bbox 102 446 259 526; x_wconf 82' lang='grc' dir='ltr'><em>θεωρίας.</em></span> <span class='ocrx_word' id='word_1_16' title='bbox 303 447 340 510; x_wconf 94' lang='grc' dir='ltr'><em>τὸ</em></span> <span class='ocrx_word' id='word_1_17' title='bbox 359 446 422 531; x_wconf 89' lang='grc' dir='ltr'><em>γάρ</em></span> <span class='ocrx_word' id='word_1_18' title='bbox 446 447 578 511; x_wconf 92' lang='grc' dir='ltr'><em>δίκαιον</em></span> <span class='ocrx_word' id='word_1_19' title='bbox 601 446 682 512; x_wconf 90' lang='grc' dir='ltr'><em>αὐτὸ</em></span> <span class='ocrx_word' id='word_1_20' title='bbox 704 444 760 510; x_wconf 83' lang='grc' dir='ltr'><em>καὶ</em></span> <span class='ocrx_word' id='word_1_21' title='bbox 782 447 885 510; x_wconf 89' lang='grc' dir='ltr'><em>καλὸν</em></span> <span class='ocrx_word' id='word_1_22' title='bbox 908 443 963 510; x_wconf 78' lang='grc' dir='ltr'><em>καὶ</em></span> <span class='ocrx_word' id='word_1_23' title='bbox 987 445 1118 528; x_wconf 85' lang='grc' dir='ltr'><em>ἀγαθὸν</em></span> 
     </span>
     <span class='ocr_line' id='line_1_4' title="bbox 101 542 1121 638; baseline 0.002 -25"><span class='ocrx_word' id='word_1_24' title='bbox 101 547 160 614; x_wconf 80' lang='grc' dir='ltr'><em>καὶ</em></span> <span class='ocrx_word' id='word_1_25' title='bbox 177 550 285 614; x_wconf 89' lang='grc' dir='ltr'><em>πάντα</em></span> <span class='ocrx_word' id='word_1_26' title='bbox 303 542 353 628; x_wconf 85' lang='grc' dir='ltr'><em>οἷς</em></span> <span class='ocrx_word' id='word_1_27' title='bbox 371 551 676 638; x_wconf 83' lang='grc' dir='ltr'><em>ἐπισφραγιζόμεθα</em></span> <span class='ocrx_word' id='word_1_28' title='bbox 693 554 731 617; x_wconf 90' lang='grc' dir='ltr'><em>τὸ</em></span> <span class='ocrx_word' id='word_1_29' title='bbox 750 552 769 617; x_wconf 79' lang='grc' dir='ltr'>ὅ</span> <span class='ocrx_word' id='word_1_30' title='bbox 786 550 887 631; x_wconf 89' lang='grc' dir='ltr'><em>ἐστιν,</em></span> <span class='ocrx_word' id='word_1_31' title='bbox 907 549 1121 616; x_wconf 80' lang='grc' dir='ltr'><em>οὐδεπώποτέ</em></span> 
     </span>
     <span class='ocr_line' id='line_1_5' title="bbox 102 654 1118 743; baseline 0.001 -24"><span class='ocrx_word' id='word_1_32' title='bbox 102 678 155 732; x_wconf 83' lang='grc' dir='ltr'><em>τις</em></span> <span class='ocrx_word' id='word_1_33' title='bbox 181 666 250 733; x_wconf 79' lang='grc' dir='ltr'><em>τοῖς</em></span> <span class='ocrx_word' id='word_1_34' title='bbox 278 657 468 742; x_wconf 73' lang='grc' dir='ltr'><strong><em>ὀφθαλμοῖς</em></strong></span> <span class='ocrx_word' id='word_1_35' title='bbox 496 654 603 741; x_wconf 81' lang='grc' dir='ltr'><em>εἶδεν,</em></span> <span class='ocrx_word' id='word_1_36' title='bbox 636 654 715 724; x_wconf 73' lang='grc' dir='ltr'><em>οὐδὲ</em></span> <span class='ocrx_word' id='word_1_37' title='bbox 748 659 831 743; x_wconf 83' lang='grc' dir='ltr'><em>άλλη</em></span> <span class='ocrx_word' id='word_1_38' title='bbox 863 654 930 722; x_wconf 78' lang='grc' dir='ltr'><em>τινὶ</em></span> <span class='ocrx_word' id='word_1_39' title='bbox 962 658 1118 739; x_wconf 76' lang='grc' dir='ltr'><em>αἰσθήσει</em></span> 
     </span>
     <span class='ocr_line' id='line_1_6' title="bbox 91 747 1145 849; baseline 0 -23"><span class='ocrx_word' id='word_1_40' title='bbox 91 747 172 827; x_wconf 78' lang='grc' dir='ltr'><em>Ιτῶν</em></span> <span class='ocrx_word' id='word_1_41' title='bbox 205 764 261 828; x_wconf 87' lang='grc' dir='ltr'><em>διά</em></span> <span class='ocrx_word' id='word_1_42' title='bbox 292 772 353 829; x_wconf 89' lang='grc' dir='ltr'><em>τοῦ</em></span> <span class='ocrx_word' id='word_1_43' title='bbox 384 764 536 849; x_wconf 80' lang='grc' dir='ltr'><em>σώματος</em></span> <span class='ocrx_word' id='word_1_44' title='bbox 567 763 717 848; x_wconf 78' lang='grc' dir='ltr'><strong><em>ἐφήψατο</em></strong></span> <span class='ocrx_word' id='word_1_45' title='bbox 750 766 876 847; x_wconf 84' lang='grc' dir='ltr'><em>αὐτῶν,</em></span> <span class='ocrx_word' id='word_1_46' title='bbox 909 759 980 828; x_wconf 86' lang='grc' dir='ltr'><em>ἀλλ’</em></span> <span class='ocrx_word' id='word_1_47' title='bbox 1012 761 1048 839; x_wconf 90' lang='grc' dir='ltr'><em>ὃς</em></span> <span class='ocrx_word' id='word_1_48' title='bbox 1076 761 1145 827; x_wconf 77' lang='grc' dir='ltr'><em>ἀνε</em></span> 
     </span>
     <span class='ocr_line' id='line_1_7' title="bbox 54 867 1117 957; baseline 0.004 -28"><span class='ocrx_word' id='word_1_49' title='bbox 54 888 88 928; x_wconf 79' lang='lat'><em>1.</em></span> <span class='ocrx_word' id='word_1_50' title='bbox 103 868 246 952; x_wconf 87' lang='grc' dir='ltr'><em>μάλιστα</em></span> <span class='ocrx_word' id='word_1_51' title='bbox 275 868 370 953; x_wconf 75' lang='grc' dir='ltr'><em>ἡμῶν</em></span> <span class='ocrx_word' id='word_1_52' title='bbox 391 869 447 935; x_wconf 80' lang='grc' dir='ltr'><em>καὶ</em></span> <span class='ocrx_word' id='word_1_53' title='bbox 474 869 692 957; x_wconf 83' lang='grc' dir='ltr'><em>ἀκριβέστατα</em></span> <span class='ocrx_word' id='word_1_54' title='bbox 718 870 1008 957; x_wconf 75' lang='grc' dir='ltr'><em>παρασκευάσηται</em></span> <span class='ocrx_word' id='word_1_55' title='bbox 1036 867 1117 933; x_wconf 86' lang='grc' dir='ltr'><em>αὐτὸ</em></span> 
     </span>
     <span class='ocr_line' id='line_1_8' title="bbox 103 971 1118 1062; baseline 0.002 -24"><span class='ocrx_word' id='word_1_56' title='bbox 103 973 245 1040; x_wconf 79' lang='grc' dir='ltr'><em>ἕκαστον</em></span> <span class='ocrx_word' id='word_1_57' title='bbox 268 977 493 1060; x_wconf 78' lang='grc' dir='ltr'><em>διανοηθῆναι</em></span> <span class='ocrx_word' id='word_1_58' title='bbox 515 974 591 1062; x_wconf 78' lang='grc' dir='ltr'><em>περὶ</em></span> <span class='ocrx_word' id='word_1_59' title='bbox 615 971 655 1042; x_wconf 85' lang='grc' dir='ltr'><em>οὗ</em></span> <span class='ocrx_word' id='word_1_60' title='bbox 678 988 809 1060; x_wconf 87' lang='grc' dir='ltr'><em>σκοπεί,</em></span> <span class='ocrx_word' id='word_1_61' title='bbox 838 972 935 1054; x_wconf 84' lang='grc' dir='ltr'><em>οὗτος</em></span> <span class='ocrx_word' id='word_1_62' title='bbox 958 975 1000 1041; x_wconf 87' lang='grc' dir='ltr'><em>ἀν</em></span> <span class='ocrx_word' id='word_1_63' title='bbox 1022 974 1118 1059; x_wconf 92' lang='grc' dir='ltr'><em>ἐγγύ-</em></span> 
     </span>
     <span class='ocr_line' id='line_1_9' title="bbox 103 1081 1117 1165; baseline 0.003 -21"><span class='ocrx_word' id='word_1_64' title='bbox 103 1103 186 1147; x_wconf 90' lang='grc' dir='ltr'><em>τατα</em></span> <span class='ocrx_word' id='word_1_65' title='bbox 204 1087 250 1146; x_wconf 85' lang='grc' dir='ltr'><em>ίοι</em></span> <span class='ocrx_word' id='word_1_66' title='bbox 268 1090 329 1147; x_wconf 88' lang='grc' dir='ltr'><em>τοῦ</em></span> <span class='ocrx_word' id='word_1_67' title='bbox 346 1094 474 1165; x_wconf 84' lang='grc' dir='ltr'><em>γνῶναι</em></span> <span class='ocrx_word' id='word_1_68' title='bbox 493 1082 641 1149; x_wconf 79' lang='grc' dir='ltr'><em>ἕκαστον.</em></span> <span class='ocrx_word' id='word_1_69' title='bbox 680 1082 805 1147; x_wconf 85' lang='grc' dir='ltr'><em>οὐκοῦν</em></span> <span class='ocrx_word' id='word_1_70' title='bbox 820 1081 945 1158; x_wconf 78' lang='grc' dir='ltr'><em>ἐκεῖνος</em></span> <span class='ocrx_word' id='word_1_71' title='bbox 964 1081 1005 1146; x_wconf 88' lang='grc' dir='ltr'><em>ἀν</em></span> <span class='ocrx_word' id='word_1_72' title='bbox 1018 1090 1117 1147; x_wconf 87' lang='grc' dir='ltr'><em>τοῦτο</em></span> 
     </span>
     <span class='ocr_line' id='line_1_10' title="bbox 103 1187 1117 1276; baseline -0.001 -24"><span class='ocrx_word' id='word_1_73' title='bbox 103 1191 274 1272; x_wconf 82' lang='grc' dir='ltr'><em>ποιήσειεν</em></span> <span class='ocrx_word' id='word_1_74' title='bbox 305 1191 542 1276; x_wconf 78' lang='grc' dir='ltr'><em>καθαρώτατα,</em></span> <span class='ocrx_word' id='word_1_75' title='bbox 576 1190 666 1266; x_wconf 83' lang='grc' dir='ltr'><em>ὅστις</em></span> <span class='ocrx_word' id='word_1_76' title='bbox 694 1188 712 1253; x_wconf 80' lang='grc' dir='ltr'>ὅ</span> <span class='ocrx_word' id='word_1_77' title='bbox 741 1213 772 1253; x_wconf 94' lang='grc' dir='ltr'><em>τι</em></span> <span class='ocrx_word' id='word_1_78' title='bbox 801 1188 941 1273; x_wconf 90' lang='grc' dir='ltr'><em>μάλιστα</em></span> <span class='ocrx_word' id='word_1_79' title='bbox 969 1187 1051 1271; x_wconf 73' lang='grc' dir='ltr'><em>αὐτῇ</em></span> <span class='ocrx_word' id='word_1_80' title='bbox 1079 1197 1117 1271; x_wconf 75' lang='grc' dir='ltr'><em>τῇ</em></span> 
     </span>
     <span class='ocr_line' id='line_1_11' title="bbox 105 1290 1156 1382; baseline -0.004 -24"><span class='ocrx_word' id='word_1_81' title='bbox 105 1295 240 1382; x_wconf 78' lang='grc' dir='ltr'><em>διανοίᾳ</em></span> <span class='ocrx_word' id='word_1_82' title='bbox 260 1301 306 1361; x_wconf 85' lang='grc' dir='ltr'><em>ίοι</em></span> <span class='ocrx_word' id='word_1_83' title='bbox 324 1290 378 1380; x_wconf 86' lang='grc' dir='ltr'><em>ἐφ’</em></span> <span class='ocrx_word' id='word_1_84' title='bbox 400 1295 550 1380; x_wconf 79' lang='grc' dir='ltr'><em>ἕκαστον,</em></span> <span class='ocrx_word' id='word_1_85' title='bbox 574 1297 655 1380; x_wconf 82' lang='grc' dir='ltr'><em>μήτε</em></span> <span class='ocrx_word' id='word_1_86' title='bbox 673 1295 734 1378; x_wconf 81' lang='grc' dir='ltr'><em>τὴν</em></span> <span class='ocrx_word' id='word_1_87' title='bbox 753 1296 833 1372; x_wconf 80' lang='grc' dir='ltr'><em>ὄψιν</em></span> <span class='ocrx_word' id='word_1_88' title='bbox 852 1292 1116 1377; x_wconf 77' lang='grc' dir='ltr'><em>παρατιθέμενος</em></span> <span class='ocrx_word' id='word_1_89' title='bbox 1131 1315 1156 1354; x_wconf 82' lang='grc' dir='ltr'><em>ιο</em></span> 
     </span>
     <span class='ocr_line' id='line_1_12' title="bbox 105 1399 1119 1487; baseline 0.002 -23"><span class='ocrx_word' id='word_1_90' title='bbox 105 1399 144 1465; x_wconf 87' lang='grc' dir='ltr'><em>ἐν</em></span> <span class='ocrx_word' id='word_1_91' title='bbox 162 1408 207 1487; x_wconf 73' lang='grc' dir='ltr'><em>τῷ</em></span> <span class='ocrx_word' id='word_1_92' title='bbox 223 1402 434 1468; x_wconf 78' lang='grc' dir='ltr'><em>διανοεῖσθαι</em></span> <span class='ocrx_word' id='word_1_93' title='bbox 452 1405 532 1487; x_wconf 83' lang='grc' dir='ltr'><em>μήτε</em></span> <span class='ocrx_word' id='word_1_94' title='bbox 552 1404 658 1485; x_wconf 88' lang='grc' dir='ltr'><em>ἀλλην</em></span> <span class='ocrx_word' id='word_1_95' title='bbox 672 1407 833 1486; x_wconf 80' lang='grc' dir='ltr'><em>αἴσθησιν</em></span> <span class='ocrx_word' id='word_1_96' title='bbox 851 1400 1000 1485; x_wconf 78' lang='grc' dir='ltr'><strong><em>ἐφέλκων</em></strong></span> <span class='ocrx_word' id='word_1_97' title='bbox 1019 1402 1119 1486; x_wconf 89' lang='grc' dir='ltr'><em>μηδε-</em></span> 
     </span>
     <span class='ocr_line' id='line_1_13' title="bbox 104 1503 1119 1593; baseline 0.005 -25"><span class='ocrx_word' id='word_1_98' title='bbox 104 1508 186 1589; x_wconf 84' lang='grc' dir='ltr'><em>μίαν</em></span> <span class='ocrx_word' id='word_1_99' title='bbox 209 1509 289 1590; x_wconf 88' lang='grc' dir='ltr'><em>μετά</em></span> <span class='ocrx_word' id='word_1_100' title='bbox 312 1517 372 1573; x_wconf 87' lang='grc' dir='ltr'><em>τοῦ</em></span> <span class='ocrx_word' id='word_1_101' title='bbox 396 1512 574 1593; x_wconf 79' lang='grc' dir='ltr'><em>λογισμοῦ,</em></span> <span class='ocrx_word' id='word_1_102' title='bbox 602 1503 674 1573; x_wconf 86' lang='grc' dir='ltr'><em>ἀλλ’</em></span> <span class='ocrx_word' id='word_1_103' title='bbox 702 1508 785 1592; x_wconf 74' lang='grc' dir='ltr'><em>αὐτῇ</em></span> <span class='ocrx_word' id='word_1_104' title='bbox 808 1503 886 1573; x_wconf 87' lang='grc' dir='ltr'><em>καθ’</em></span> <span class='ocrx_word' id='word_1_105' title='bbox 913 1507 1018 1591; x_wconf 79' lang='grc' dir='ltr'><em>αὐτὴν</em></span> <span class='ocrx_word' id='word_1_106' title='bbox 1041 1510 1119 1573; x_wconf 89' lang='grc' dir='ltr'><em>είλι-</em></span> 
     </span>
     <span class='ocr_line' id='line_1_14' title="bbox 103 1610 1119 1701; baseline 0.002 -24"><span class='ocrx_word' id='word_1_107' title='bbox 103 1624 215 1694; x_wconf 80' lang='grc' dir='ltr'><em>κρινεῖ</em></span> <span class='ocrx_word' id='word_1_108' title='bbox 233 1622 273 1698; x_wconf 74' lang='grc' dir='ltr'><em>τῇ</em></span> <span class='ocrx_word' id='word_1_109' title='bbox 297 1614 428 1701; x_wconf 78' lang='grc' dir='ltr'><em>διανοίᾳ</em></span> <span class='ocrx_word' id='word_1_110' title='bbox 451 1615 621 1700; x_wconf 85' lang='grc' dir='ltr'><em>χρώμενος</em></span> <span class='ocrx_word' id='word_1_111' title='bbox 645 1613 725 1678; x_wconf 88' lang='grc' dir='ltr'><em>αὐτὸ</em></span> <span class='ocrx_word' id='word_1_112' title='bbox 743 1610 822 1677; x_wconf 90' lang='grc' dir='ltr'><em>καθ’</em></span> <span class='ocrx_word' id='word_1_113' title='bbox 845 1613 925 1679; x_wconf 85' lang='grc' dir='ltr'><em>αὑτὸ</em></span> <span class='ocrx_word' id='word_1_114' title='bbox 945 1610 1119 1697; x_wconf 72' lang='grc' dir='ltr'><em>εἰλικρινὲς</em></span> 
     </span>
     <span class='ocr_line' id='line_1_15' title="bbox 104 1717 1119 1805; baseline 0 -23"><span class='ocrx_word' id='word_1_115' title='bbox 104 1717 246 1785; x_wconf 78' lang='grc' dir='ltr'><em>ἕκαστον</em></span> <span class='ocrx_word' id='word_1_116' title='bbox 273 1719 451 1805; x_wconf 79' lang='grc' dir='ltr'><em>ἐπιχειροίη</em></span> <span class='ocrx_word' id='word_1_117' title='bbox 480 1721 642 1804; x_wconf 83' lang='grc' dir='ltr'><em>θηρεύειν</em></span> <span class='ocrx_word' id='word_1_118' title='bbox 668 1728 736 1783; x_wconf 84' lang='grc' dir='ltr'><em>τῶν</em></span> <span class='ocrx_word' id='word_1_119' title='bbox 766 1719 888 1800; x_wconf 79' lang='grc' dir='ltr'><em>ὄντων,</em></span> <span class='ocrx_word' id='word_1_120' title='bbox 920 1717 1119 1801; x_wconf 80' lang='grc' dir='ltr'><em>ἀπαλλαγεὶς</em></span> 
     </span>
     <span class='ocr_line' id='line_1_16' title="bbox 104 1822 1158 1912; baseline 0.003 -24"><span class='ocrx_word' id='word_1_121' title='bbox 104 1825 170 1889; x_wconf 84' lang='grc' dir='ltr'><em>ὅτι</em></span> <span class='ocrx_word' id='word_1_122' title='bbox 188 1828 329 1909; x_wconf 89' lang='grc' dir='ltr'><em>μάλιστα</em></span> <span class='ocrx_word' id='word_1_123' title='bbox 347 1827 535 1912; x_wconf 80' lang='grc' dir='ltr'><em>ὀφθαλμῶν</em></span> <span class='ocrx_word' id='word_1_124' title='bbox 553 1823 657 1892; x_wconf 80' lang='grc' dir='ltr'><em>τεκαὶ</em></span> <span class='ocrx_word' id='word_1_125' title='bbox 672 1826 766 1889; x_wconf 80' lang='grc' dir='ltr'><em>ὤτοιν</em></span> <span class='ocrx_word' id='word_1_126' title='bbox 780 1822 836 1888; x_wconf 80' lang='grc' dir='ltr'><em>καὶ</em></span> <span class='ocrx_word' id='word_1_127' title='bbox 854 1824 899 1900; x_wconf 78' lang='grc' dir='ltr'><em>ὥς</em></span> <span class='ocrx_word' id='word_1_128' title='bbox 917 1826 995 1899; x_wconf 87' lang='grc' dir='ltr'><em>ἐπος</em></span> <span class='ocrx_word' id='word_1_129' title='bbox 1014 1825 1118 1891; x_wconf 86' lang='grc' dir='ltr'><em>είπείυ</em></span> <span class='ocrx_word' id='word_1_130' title='bbox 1133 1843 1158 1883; x_wconf 86' lang='lat'><em>1⁵</em></span> 
     </span>
     <span class='ocr_line' id='line_1_17' title="bbox 106 1928 1120 2018; baseline 0.001 -23"><span class='ocrx_word' id='word_1_131' title='bbox 106 1929 294 2015; x_wconf 79' lang='grc' dir='ltr'><em>ξύμπαντος</em></span> <span class='ocrx_word' id='word_1_132' title='bbox 307 1942 367 1998; x_wconf 85' lang='grc' dir='ltr'><em>τοῦ</em></span> <span class='ocrx_word' id='word_1_133' title='bbox 381 1934 542 2018; x_wconf 83' lang='grc' dir='ltr'><em>σώματος,</em></span> <span class='ocrx_word' id='word_1_134' title='bbox 562 1934 607 2011; x_wconf 84' lang='grc' dir='ltr'><em>ὡς</em></span> <span class='ocrx_word' id='word_1_135' title='bbox 620 1932 839 2018; x_wconf 81' lang='grc' dir='ltr'><em>ταράττοντος</em></span> <span class='ocrx_word' id='word_1_136' title='bbox 853 1928 908 1995; x_wconf 80' lang='grc' dir='ltr'><em>καὶ</em></span> <span class='ocrx_word' id='word_1_137' title='bbox 923 1931 983 1995; x_wconf 89' lang='grc' dir='ltr'><em>ούκ</em></span> <span class='ocrx_word' id='word_1_138' title='bbox 997 1930 1120 2008; x_wconf 79' lang='grc' dir='ltr'><em>ἐῶντος</em></span> 
     </span>
     <span class='ocr_line' id='line_1_18' title="bbox 105 2035 1119 2123; baseline 0.002 -23"><span class='ocrx_word' id='word_1_139' title='bbox 105 2037 167 2120; x_wconf 81' lang='grc' dir='ltr'><em>τὴν</em></span> <span class='ocrx_word' id='word_1_140' title='bbox 190 2039 302 2122; x_wconf 78' lang='grc' dir='ltr'><em>ψυχὴν</em></span> <span class='ocrx_word' id='word_1_141' title='bbox 320 2041 507 2123; x_wconf 78' lang='grc' dir='ltr'><em>κτήσασθαι</em></span> <span class='ocrx_word' id='word_1_142' title='bbox 530 2038 692 2123; x_wconf 81' lang='grc' dir='ltr'><em>ἀλήθειάν</em></span> <span class='ocrx_word' id='word_1_143' title='bbox 710 2061 745 2104; x_wconf 92' lang='grc' dir='ltr'><em>τε</em></span> <span class='ocrx_word' id='word_1_144' title='bbox 763 2035 818 2103; x_wconf 80' lang='grc' dir='ltr'><em>καὶ</em></span> <span class='ocrx_word' id='word_1_145' title='bbox 837 2038 1015 2123; x_wconf 85' lang='grc' dir='ltr'><em>φρόνησιν,</em></span> <span class='ocrx_word' id='word_1_146' title='bbox 1039 2038 1119 2102; x_wconf 85' lang='grc' dir='ltr'><em>ὅταν</em></span> 
     </span>
     <span class='ocr_line' id='line_1_19' title="bbox 105 2139 1119 2231; baseline 0.002 -24"><span class='ocrx_word' id='word_1_147' title='bbox 105 2152 261 2229; x_wconf 73' lang='grc' dir='ltr'><em>κοινωνῇ.</em></span> <span class='ocrx_word' id='word_1_148' title='bbox 310 2139 408 2222; x_wconf 85' lang='grc' dir='ltr'><em>οὗτος</em></span> <span class='ocrx_word' id='word_1_149' title='bbox 430 2145 493 2231; x_wconf 93' lang='grc' dir='ltr'><em>γάρ</em></span> <span class='ocrx_word' id='word_1_150' title='bbox 518 2146 624 2228; x_wconf 88' lang='grc' dir='ltr'><em>ἐστιν,</em></span> <span class='ocrx_word' id='word_1_151' title='bbox 649 2151 739 2229; x_wconf 86' lang='grc' dir='ltr'><em>είπερ</em></span> <span class='ocrx_word' id='word_1_152' title='bbox 762 2169 812 2221; x_wconf 84' lang='grc' dir='ltr'><em>τις</em></span> <span class='ocrx_word' id='word_1_153' title='bbox 835 2146 944 2228; x_wconf 86' lang='grc' dir='ltr'><em>ἀλλος,</em></span> <span class='ocrx_word' id='word_1_154' title='bbox 968 2143 986 2209; x_wconf 89' lang='grc' dir='ltr'>ὁ</span> <span class='ocrx_word' id='word_1_155' title='bbox 1009 2143 1119 2222; x_wconf 83' lang='grc' dir='ltr'><em>τευξό-</em></span> 
     </span>
     <span class='ocr_line' id='line_1_20' title="bbox 105 2246 1119 2335; baseline 0.002 -22"><span class='ocrx_word' id='word_1_156' title='bbox 105 2273 205 2333; x_wconf 87' lang='grc' dir='ltr'><em>μενος</em></span> <span class='ocrx_word' id='word_1_157' title='bbox 227 2258 289 2315; x_wconf 88' lang='grc' dir='ltr'><em>τοῦ</em></span> <span class='ocrx_word' id='word_1_158' title='bbox 312 2253 418 2328; x_wconf 80' lang='grc' dir='ltr'><em>ὄντος.</em></span> <span class='ocrx_word' id='word_1_159' title='bbox 463 2251 590 2335; x_wconf 79' lang='grc' dir='ltr'><em>ἀνάγκη</em></span> <span class='ocrx_word' id='word_1_160' title='bbox 615 2252 656 2335; x_wconf 82' lang='grc' dir='ltr'><em>δη</em></span> <span class='ocrx_word' id='word_1_161' title='bbox 686 2246 747 2316; x_wconf 88' lang='grc' dir='ltr'><em>οὖν</em></span> <span class='ocrx_word' id='word_1_162' title='bbox 771 2251 807 2315; x_wconf 89' lang='grc' dir='ltr'><em>ἐκ</em></span> <span class='ocrx_word' id='word_1_163' title='bbox 832 2251 967 2316; x_wconf 82' lang='grc' dir='ltr'><em>πάντων</em></span> <span class='ocrx_word' id='word_1_164' title='bbox 990 2252 1119 2315; x_wconf 86' lang='grc' dir='ltr'><em>τούτων</em></span> 
     </span>
     <span class='ocr_line' id='line_1_21' title="bbox 104 2356 1160 2439; baseline 0 -20"><span class='ocrx_word' id='word_1_165' title='bbox 104 2358 333 2439; x_wconf 89' lang='grc' dir='ltr'><em>παρίστασθαι</em></span> <span class='ocrx_word' id='word_1_166' title='bbox 364 2356 465 2436; x_wconf 83' lang='grc' dir='ltr'><em>δόξαν</em></span> <span class='ocrx_word' id='word_1_167' title='bbox 492 2358 625 2423; x_wconf 75' lang='grc' dir='ltr'><em>τοιάνδε</em></span> <span class='ocrx_word' id='word_1_168' title='bbox 653 2359 728 2421; x_wconf 83' lang='grc' dir='ltr'><em>τινὰ</em></span> <span class='ocrx_word' id='word_1_169' title='bbox 754 2365 825 2432; x_wconf 80' lang='grc' dir='ltr'><em>τοῖς</em></span> <span class='ocrx_word' id='word_1_170' title='bbox 851 2359 1002 2439; x_wconf 78' lang='grc' dir='ltr'><em>γνησίοις</em></span> <span class='ocrx_word' id='word_1_171' title='bbox 1024 2360 1119 2438; x_wconf 85' lang='grc' dir='ltr'><em>φιλο·</em></span> <span class='ocrx_word' id='word_1_172' title='bbox 1133 2373 1160 2412; x_wconf 77' lang='lat'><em>20</em></span> 
     </span>
     <span class='ocr_line' id='line_1_22' title="bbox 107 2459 1118 2549; baseline 0 -23"><span class='ocrx_word' id='word_1_173' title='bbox 107 2465 236 2544; x_wconf 84' lang='grc' dir='ltr'><em>σόφοις,</em></span> <span class='ocrx_word' id='word_1_174' title='bbox 261 2463 345 2528; x_wconf 81' lang='grc' dir='ltr'><em>ὥστε</em></span> <span class='ocrx_word' id='word_1_175' title='bbox 367 2461 423 2528; x_wconf 79' lang='grc' dir='ltr'><em>καὶ</em></span> <span class='ocrx_word' id='word_1_176' title='bbox 445 2464 528 2549; x_wconf 85' lang='grc' dir='ltr'><em>πρὸς</em></span> <span class='ocrx_word' id='word_1_177' title='bbox 551 2461 714 2546; x_wconf 81' lang='grc' dir='ltr'><em>ἀλλήλους</em></span> <span class='ocrx_word' id='word_1_178' title='bbox 737 2469 873 2526; x_wconf 85' lang='grc' dir='ltr'><em>τοιαῦτα</em></span> <span class='ocrx_word' id='word_1_179' title='bbox 896 2463 976 2525; x_wconf 89' lang='grc' dir='ltr'><em>ἀττα</em></span> <span class='ocrx_word' id='word_1_180' title='bbox 998 2459 1118 2544; x_wconf 82' lang='grc' dir='ltr'><em>λέγειν,</em></span> 
     </span>
     <span class='ocr_line' id='line_1_23' title="bbox 105 2565 1119 2654; baseline 0.001 -23"><span class='ocrx_word' id='word_1_181' title='bbox 105 2568 157 2632; x_wconf 84' lang='grc' dir='ltr'><em>ὅτι</em></span> <span class='ocrx_word' id='word_1_182' title='bbox 180 2568 370 2633; x_wconf 84' lang='grc' dir='ltr'><em>κινδυνεύει</em></span> <span class='ocrx_word' id='word_1_183' title='bbox 392 2592 424 2633; x_wconf 95' lang='grc' dir='ltr'><em>τι</em></span> <span class='ocrx_word' id='word_1_184' title='bbox 447 2571 557 2654; x_wconf 83' lang='grc' dir='ltr'><em>ὥσπερ</em></span> <span class='ocrx_word' id='word_1_185' title='bbox 586 2567 730 2654; x_wconf 90' lang='grc' dir='ltr'><em>ἀτραπὸς</em></span> <span class='ocrx_word' id='word_1_186' title='bbox 756 2565 909 2653; x_wconf 80' lang='grc' dir='ltr'><em>ἐκφέρειν</em></span> <span class='ocrx_word' id='word_1_187' title='bbox 932 2567 1017 2652; x_wconf 80' lang='grc' dir='ltr'><em>ἡμᾶς</em></span> <span class='ocrx_word' id='word_1_188' title='bbox 1039 2569 1119 2651; x_wconf 87' lang='grc' dir='ltr'><em>μετά</em></span> 
     </span>
     <span class='ocr_line' id='line_1_24' title="bbox 50 2672 1119 2759; baseline 0.002 -22"><span class='ocrx_word' id='word_1_189' title='bbox 50 2689 90 2730; x_wconf 68' lang='grc' dir='ltr'><em>Ἀ.</em></span> <span class='ocrx_word' id='word_1_190' title='bbox 104 2683 165 2738; x_wconf 88' lang='grc' dir='ltr'><em>τοῦ</em></span> <span class='ocrx_word' id='word_1_191' title='bbox 189 2676 293 2757; x_wconf 86' lang='grc' dir='ltr'><em>λόγου</em></span> <span class='ocrx_word' id='word_1_192' title='bbox 314 2673 350 2739; x_wconf 87' lang='grc' dir='ltr'><em>ἐν</em></span> <span class='ocrx_word' id='word_1_193' title='bbox 368 2682 408 2758; x_wconf 76' lang='grc' dir='ltr'><em>τῇ</em></span> <span class='ocrx_word' id='word_1_194' title='bbox 432 2672 556 2757; x_wconf 78' lang='grc' dir='ltr'><em>σκέψει,</em></span> <span class='ocrx_word' id='word_1_195' title='bbox 580 2673 640 2757; x_wconf 80' lang='grc' dir='ltr'><em>ὅτι,</em></span> <span class='ocrx_word' id='word_1_196' title='bbox 665 2674 727 2751; x_wconf 79' lang='grc' dir='ltr'><em>ἕως</em></span> <span class='ocrx_word' id='word_1_197' title='bbox 750 2673 792 2739; x_wconf 87' lang='grc' dir='ltr'><em>ἀν</em></span> <span class='ocrx_word' id='word_1_198' title='bbox 815 2675 852 2740; x_wconf 91' lang='grc' dir='ltr'><em>τὸ</em></span> <span class='ocrx_word' id='word_1_199' title='bbox 876 2683 970 2757; x_wconf 83' lang='grc' dir='ltr'><em>σῶμα</em></span> <span class='ocrx_word' id='word_1_200' title='bbox 994 2677 1119 2759; x_wconf 81' lang='grc' dir='ltr'><em>ἔχωμεν</em></span> 
     </span>
     <span class='ocr_line' id='line_1_25' title="bbox 50 2773 1118 2866; baseline 0 -22"><span class='ocrx_word' id='word_1_201' title='bbox 50 2797 91 2837; x_wconf 61' lang='grc' dir='ltr'><em>ιιι</em></span> <span class='ocrx_word' id='word_1_202' title='bbox 105 2778 160 2844; x_wconf 81' lang='grc' dir='ltr'><em>καὶ</em></span> <span class='ocrx_word' id='word_1_203' title='bbox 191 2778 448 2865; x_wconf 81' lang='grc' dir='ltr'><em>ξυμπεφυρμένη</em></span> <span class='ocrx_word' id='word_1_204' title='bbox 477 2773 540 2866; x_wconf 79' lang='grc' dir='ltr'><em>&lt;ᾖ&gt;</em></span> <span class='ocrx_word' id='word_1_205' title='bbox 569 2780 663 2865; x_wconf 80' lang='grc' dir='ltr'><em>ἡμῶν</em></span> <span class='ocrx_word' id='word_1_206' title='bbox 690 2780 711 2863; x_wconf 80' lang='grc' dir='ltr'><em>η</em></span> <span class='ocrx_word' id='word_1_207' title='bbox 739 2780 827 2864; x_wconf 79' lang='grc' dir='ltr'><em>ψυχὴ</em></span> <span class='ocrx_word' id='word_1_208' title='bbox 857 2782 937 2863; x_wconf 84' lang='grc' dir='ltr'><em>μετά</em></span> <span class='ocrx_word' id='word_1_209' title='bbox 963 2781 1118 2844; x_wconf 94' lang='grc' dir='ltr'><em>τοιούτου</em></span> 
     </span>
     <span class='ocr_line' id='line_1_26' title="bbox 105 2879 1158 2970; baseline 0 -20"><span class='ocrx_word' id='word_1_210' title='bbox 105 2895 221 2968; x_wconf 89' lang='grc' dir='ltr'><em>κακοῦ,</em></span> <span class='ocrx_word' id='word_1_211' title='bbox 246 2886 287 2951; x_wconf 90' lang='grc' dir='ltr'><em>ού</em></span> <span class='ocrx_word' id='word_1_212' title='bbox 309 2888 434 2969; x_wconf 81' lang='grc' dir='ltr'><em>μηποτε</em></span> <span class='ocrx_word' id='word_1_213' title='bbox 452 2888 651 2970; x_wconf 84' lang='grc' dir='ltr'><em>κτησώμεθα</em></span> <span class='ocrx_word' id='word_1_214' title='bbox 677 2886 796 2962; x_wconf 75' lang='grc' dir='ltr'><em>ἱκανῶς</em></span> <span class='ocrx_word' id='word_1_215' title='bbox 815 2879 856 2949; x_wconf 88' lang='grc' dir='ltr'><em>οὗ</em></span> <span class='ocrx_word' id='word_1_216' title='bbox 875 2884 1118 2969; x_wconf 88' lang='grc' dir='ltr'><em>ἐπιθυμοῦμεν·</em></span> <span class='ocrx_word' id='word_1_217' title='bbox 1133 2901 1158 2942; x_wconf 79' lang='lat'><em>25</em></span> 
     </span>
     <span class='ocr_line' id='line_1_27' title="bbox 106 2986 1118 3078; baseline -0.002 -20"><span class='ocrx_word' id='word_1_218' title='bbox 106 2989 216 3076; x_wconf 72' lang='grc' dir='ltr'><em>φαμὲν</em></span> <span class='ocrx_word' id='word_1_219' title='bbox 250 2989 287 3057; x_wconf 75' lang='grc' dir='ltr'><em>δέ</em></span> <span class='ocrx_word' id='word_1_220' title='bbox 318 3000 417 3057; x_wconf 85' lang='grc' dir='ltr'><em>τοῦτο</em></span> <span class='ocrx_word' id='word_1_221' title='bbox 451 2986 537 3057; x_wconf 78' lang='grc' dir='ltr'><em>εἶναι</em></span> <span class='ocrx_word' id='word_1_222' title='bbox 569 2994 606 3058; x_wconf 90' lang='grc' dir='ltr'><em>τὸ</em></span> <span class='ocrx_word' id='word_1_223' title='bbox 640 2990 771 3076; x_wconf 84' lang='grc' dir='ltr'><em>ἀληθές.</em></span> <span class='ocrx_word' id='word_1_224' title='bbox 817 2993 938 3077; x_wconf 90' lang='grc' dir='ltr'><em>μυρίας</em></span> <span class='ocrx_word' id='word_1_225' title='bbox 966 2989 1027 3075; x_wconf 78' lang='grc' dir='ltr'><em>μὲν</em></span> <span class='ocrx_word' id='word_1_226' title='bbox 1055 2994 1118 3078; x_wconf 90' lang='grc' dir='ltr'><em>γάρ</em></span> 
     </span>
     <span class='ocr_line' id='line_1_28' title="bbox 105 3097 1119 3185; baseline -0.001 -22"><span class='ocrx_word' id='word_1_227' title='bbox 105 3097 186 3182; x_wconf 75' lang='grc' dir='ltr'><em>ἡμίν</em></span> <span class='ocrx_word' id='word_1_228' title='bbox 217 3098 373 3183; x_wconf 89' lang='grc' dir='ltr'><em>ἀσχολίας</em></span> <span class='ocrx_word' id='word_1_229' title='bbox 400 3099 534 3185; x_wconf 82' lang='grc' dir='ltr'><em>παρέχει</em></span> <span class='ocrx_word' id='word_1_230' title='bbox 561 3101 599 3164; x_wconf 89' lang='grc' dir='ltr'><em>τὸ</em></span> <span class='ocrx_word' id='word_1_231' title='bbox 632 3109 725 3183; x_wconf 81' lang='grc' dir='ltr'><em>σῶμα</em></span> <span class='ocrx_word' id='word_1_232' title='bbox 759 3099 814 3162; x_wconf 89' lang='grc' dir='ltr'><em>διά</em></span> <span class='ocrx_word' id='word_1_233' title='bbox 843 3099 905 3182; x_wconf 77' lang='grc' dir='ltr'><em>τὴν</em></span> <span class='ocrx_word' id='word_1_234' title='bbox 935 3097 1119 3180; x_wconf 89' lang='grc' dir='ltr'><em>ἀναγκαίαν</em></span> 
     </span>
    </p>
   </div>
   <div class='ocr_carea' id='block_1_3' title="bbox 196 3289 854 3363">
    <p class='ocr_par' dir='ltr' id='par_1_3' title="bbox 196 3289 854 3363">
     <span class='ocr_line' id='line_1_29' title="bbox 196 3289 854 3363; baseline -0.003 -19"><span class='ocrx_word' id='word_1_235' title='bbox 196 3296 220 3344; x_wconf 73' lang='lat'><em>2.</em></span> <span class='ocrx_word' id='word_1_236' title='bbox 240 3309 268 3360; x_wconf 85' lang='lat' dir='ltr'><em>p.</em></span> <span class='ocrx_word' id='word_1_237' title='bbox 284 3296 326 3363; x_wconf 75' lang='lat'><em>65,</em></span> <span class='ocrx_word' id='word_1_238' title='bbox 342 3298 357 3348; x_wconf 88' lang='grc'><strong>6</strong></span> <span class='ocrx_word' id='word_1_239' title='bbox 376 3292 450 3346; x_wconf 76' lang='grc' dir='ltr'><em>ΡΙοί.</em></span> <span class='ocrx_word' id='word_1_240' title='bbox 469 3291 610 3347; x_wconf 83' lang='lat' dir='ltr'>Phaedon.</span> <span class='ocrx_word' id='word_1_241' title='bbox 629 3308 657 3360; x_wconf 86' lang='lat' dir='ltr'><em>p.</em></span> <span class='ocrx_word' id='word_1_242' title='bbox 673 3290 812 3346; x_wconf 76' lang='lat' dir='ltr'><strong>65D-67</strong></span> <span class='ocrx_word' id='word_1_243' title='bbox 823 3289 854 3343; x_wconf 93' lang='lat' dir='ltr'><em>B.</em></span> 
     </span>
    </p>
   </div>
   <div class='ocr_carea' id='block_1_4' title="bbox 107 3462 1140 3616">
    <p class='ocr_par' dir='ltr' id='par_1_4' title="bbox 107 3462 1140 3616">
     <span class='ocr_line' id='line_1_30' title="bbox 197 3462 1140 3540; baseline -0.012 -18"><span class='ocrx_word' id='word_1_244' title='bbox 197 3474 213 3522; x_wconf 90' lang='lat'><strong>3</strong></span> <span class='ocrx_word' id='word_1_245' title='bbox 233 3464 300 3523; x_wconf 75' lang='grc' dir='ltr'><em>οὐδὲ</em></span> <span class='ocrx_word' id='word_1_246' title='bbox 315 3466 437 3538; x_wconf 83' lang='grc' dir='ltr'><em>ιιύιιοτε,</em></span> <span class='ocrx_word' id='word_1_247' title='bbox 451 3472 484 3524; x_wconf 79' lang='lat' dir='ltr'><em>ut</em></span> <span class='ocrx_word' id='word_1_248' title='bbox 497 3469 570 3525; x_wconf 79' lang='lat' dir='ltr'><strong>solet</strong></span> <span class='ocrx_word' id='word_1_249' title='bbox 583 3470 593 3539; x_wconf 86' lang='grc' dir='ltr'><em>ΙΙ</em></span> <span class='ocrx_word' id='word_1_250' title='bbox 606 3473 641 3524; x_wconf 77' lang='lat'><em>‘21</em></span> <span class='ocrx_word' id='word_1_251' title='bbox 661 3463 732 3524; x_wconf 80' lang='grc' dir='ltr'><em>ἅττα</em></span> <span class='ocrx_word' id='word_1_252' title='bbox 743 3469 806 3540; x_wconf 58' lang='lat' dir='ltr'>II‘I‘I</span> <span class='ocrx_word' id='word_1_253' title='bbox 824 3485 871 3522; x_wconf 84' lang='grc' dir='ltr'><em>τοι</em></span> <span class='ocrx_word' id='word_1_254' title='bbox 882 3462 1140 3526; x_wconf 55' lang='lat' dir='ltr'><em>*mmmmm</em></span> 
     </span>
     <span class='ocr_line' id='line_1_31' title="bbox 107 3531 1001 3616; baseline -0.01 -19"><span class='ocrx_word' id='word_1_255' title='bbox 107 3538 184 3593; x_wconf 80' lang='lat' dir='ltr'>codd·</span> <span class='ocrx_word' id='word_1_256' title='bbox 196 3541 212 3605; x_wconf 83' lang='lat' dir='ltr'><em>ll</em></span> <span class='ocrx_word' id='word_1_257' title='bbox 222 3543 257 3591; x_wconf 78' lang='lat'><em>24</em></span> <span class='ocrx_word' id='word_1_258' title='bbox 272 3531 297 3608; x_wconf 72' lang='grc' dir='ltr'><em>,η’</em></span> <span class='ocrx_word' id='word_1_259' title='bbox 311 3555 346 3593; x_wconf 79' lang='lat' dir='ltr'><em>ex</em></span> <span class='ocrx_word' id='word_1_260' title='bbox 362 3541 387 3596; x_wconf 91' lang='lat' dir='ltr'>P</span> <span class='ocrx_word' id='word_1_261' title='bbox 403 3540 517 3598; x_wconf 78' lang='lat' dir='ltr'>addidit</span> <span class='ocrx_word' id='word_1_262' title='bbox 537 3547 561 3598; x_wconf 87' lang='lat' dir='ltr'>A</span> <span class='ocrx_word' id='word_1_263' title='bbox 575 3544 586 3616; x_wconf 73' lang='lat' dir='ltr'>u</span> <span class='ocrx_word' id='word_1_264' title='bbox 601 3549 637 3602; x_wconf 73' lang='lat'><em>25</em></span> <span class='ocrx_word' id='word_1_265' title='bbox 656 3539 836 3616; x_wconf 83' lang='grc' dir='ltr'><em>κτηοὸμεθα</em></span> <span class='ocrx_word' id='word_1_266' title='bbox 849 3535 1001 3607; x_wconf 46' lang='lat' dir='ltr'><em>Imm.</em></span> 
     </span>
    </p>
   </div>
   <div class='ocr_carea' id='block_1_5' title="bbox 0 0 1227 3848">
    <p class='ocr_par' dir='ltr' id='par_1_5' title="bbox 0 0 1227 3848">
     <span class='ocr_line' id='line_1_32' title="bbox 0 0 1227 3848; baseline 0 0"><span class='ocrx_word' id='word_1_267' title='bbox 0 0 1227 3848; x_wconf 95' lang='lat' dir='ltr'><em> </em></span> 
     </span>
    </p>
   </div>
  </div>
 </body>
</html>
