2430 3848
302 179 342 232 IN
360 177 550 232 IAMBLICHI
568 177 863 234 PROTREPTICUM.
1025 178 1089 243 129

164 368 193 422 p.
211 349 295 423 51,3
321 344 364 404 ότι
386 344 498 424 γίνεταί
518 367 584 405 τινα
607 346 666 429 ζῷα
688 343 738 405 καί
760 342 840 423 παρδι
863 345 971 425 φύσιν,
1000 344 1039 421 ὡς
1063 347 1095 410 οἱ

72 434 108 496 ἐν
126 438 188 506 τοῖς
201 440 344 494 τεθνεῶσι
363 432 509 511 σκώληκες
523 432 702 512 σηπομένοις
719 433 899 515 γεννώμενοι
913 435 963 496 καί
981 434 1013 496 ἐν
1031 443 1093 510 τοῖς

71 531 218 584 νοσοῦσιν
242 518 387 600 έλμινθες.

165 632 194 688 p.
209 614 261 689 52,
278 614 317 670 12
330 631 392 688 sqq.
412 610 574 689 σημείωσαι
590 610 626 670 τδι
642 610 775 689 παρόντα
794 609 844 671 διδι
861 610 931 684 τοὺς
949 611 1091 674 ἀπαιδεό·

72 723 146 772 τους
169 697 219 759 καὶ
242 698 364 771 σκαιοὺς
387 695 583 772 ὀνειδίζοντας
602 705 664 772 τοῖς
686 700 737 760 τὸν
760 699 928 778 φιλόσοφον
951 701 1019 780 βίον
1041 700 1117 762 καλε

73 786 108 849 τὸ
131 793 255 868 φρονεῖν
279 785 477 870 αἱρουμένοις,
499 787 654 869 πράγματα
673 785 762 850 οῦδὲν
783 785 890 866 όφελος
908 785 928 868 ἀ]
947 789 1091 869 χρήσιμον

75 877 191 956 έχοντα,
213 874 253 948 ὡς
276 875 398 948 ἐκείνοις
423 877 511 937 δοκεῖ.

166 988 193 1041 p.
210 968 261 1043 55,
276 969 317 1026 26
342 964 432 1043 μόνος
445 963 510 1046 γὰρ
533 963 605 1041 κτλ]
630 963 667 1024 σὺ
685 973 816 1038 τοιοῦτος
839 964 939 1027 καλοί
958 966 1031 1027 κατδι
1050 964 1092 1046 σέ,

73 1052 377 1115 ἐνθουσιαστικώτατε
393 1049 542 1132 Ἰἀμβλιχε.
579 1049 635 1133 ἐγὼ
655 1050 687 1112 δὲ
709 1052 759 1113 καὶ
782 1053 846 1114 ὅσοι
868 1053 932 1132 ἐμοὶ
950 1054 1001 1115 τὸν
1024 1057 1093 1135 βίον

76 1142 175 1221 όμοιοι
198 1141 235 1202 ού
257 1150 316 1203 τῶν
339 1140 445 1203 ἀιδίων
468 1139 518 1201 καὶ
537 1142 672 1221 μονίμων
690 1140 851 1221 ἀνήψαμεν
873 1151 926 1204 τοῦ
949 1144 1018 1222 βίου
1041 1144 1093 1218 τὰς
1107 1161 1136 1200 ιο

74 1230 183 1309 ἀρχάς,
210 1239 268 1291 τῶν
292 1227 323 1290 δὲ
346 1237 492 1309 φθαρτῶν
515 1229 566 1291 καὶ
588 1229 829 1308 εῦμεταπτύτων·
857 1229 903 1292 διδ
927 1231 977 1292 καὶ
1000 1234 1093 1313 ζῶμεν

75 1318 133 1398 ούχ
155 1316 195 1390 ὡς
217 1318 389 1397 φιλόσοφοι,
412 1324 523 1397 μᾶλλον
547 1317 578 1380 δὲ
602 1319 657 1399 ούχ
679 1316 719 1392 ὥς
738 1317 906 1399 ἀνθρωποι,
929 1319 1002 1382 ἀλλὰ
1015 1322 1093 1401 .βίον

75 1406 215 1486 κτηνώδη
239 1406 286 1467 καλ
311 1408 446 1487 χοίρειον.

170 1518 198 1574 p.
214 1501 374 1575 57,4sqq.
398 1494 463 1557 ἀντὶ
486 1504 539 1557 τοῦ
562 1492 625 1557 κατ’
651 1494 809 1577 ἐνέργειαν.

167 1607 197 1662 p.
213 1588 296 1662 61,7
322 1583 354 1645 ἐκ
375 1594 428 1646 τοῦ
451 1588 648 1646 Πλατωνικοῦ
674 1586 838 1659 Φαίδωνος.
1108 1603 1134 1644 15

112 1739 114 1743 Α
168 1694 197 1750 p.
214 1677 264 1752 61,
281 1677 320 1734 18
332 1693 394 1751 sqq.
413 1670 454 1746 ὡς
472 1674 538 1735 λίαν
556 1683 641 1735 τοῦτο
660 1673 692 1734 τὸ
711 1672 882 1754 ἐπιχείρημα
900 1673 1095 1754 ἀναγκαιότα-

74 1785 130 1824 τον
149 1760 199 1822 καί
217 1762 345 1842 μεγάληυ
364 1760 418 1838 τὴν
437 1762 478 1835 είς
495 1761 599 1842 ψυχὴν
617 1759 762 1839 ὠφέλειαν
784 1761 928 1841 ἐμποιοῦν
945 1767 985 1848 τῷ
1002 1783 1096 1844 προσ-

77 1851 174 1931 έχοντι
187 1849 236 1911 καὶ
250 1848 289 1922 ὡς
303 1849 425 1927 ἀληθῶς
434 1849 484 1910 καί
493 1849 658 1932 θεαρέστως
672 1849 869 1929 ἐπιθυμοῦντι
883 1856 1094 1931 φιλοσοφῆσαι.

168 1961 197 2015 p.
214 1943 264 2018 63,
280 1943 395 2016 26sqq.
420 1939 584 2018 σύμφωνον
603 1947 688 2001 τοῦτο
712 1944 751 2024 τῷ
775 1938 815 2012 ὡς
838 1940 870 2000 ἐν
894 1939 1023 2026 ἐσόπτρῳ
1045 1940 1096 2002 καί

75 2027 112 2090 ἐν
126 2028 274 2107 αἰνίγματι
283 2023 361 2105 ἡμᾶς
370 2026 518 2106 παρόντας
532 2026 678 2090 ἐνταυθοῖ
687 2031 930 2111 κατοπτρίζεσθαι
943 2027 998 2107 την
1007 2030 1095 2091 θείαν
1109 2047 1139 2087 εο

79 2116 181 2190 δόξαν.
220 2111 270 2198 (cf.
289 2117 373 2176 Paul.
394 2119 432 2176 ad
451 2116 583 2178 Corinth.
602 2119 618 2176 I
635 2122 684 2195 13,
700 2123 749 2178 12.
786 2119 918 2196 itemque
937 2112 1096 2201 113‚18).

169 2226 199 2282 p.
215 2208 265 2282 64,
281 2208 322 2265 26
334 2224 397 2283 sqq.
420 2204 474 2283 όρα
492 2202 547 2282 τὴν
566 2207 744 2284 συμφωνίαν
762 2216 822 2266 τῶν
839 2205 1005 2287 λεγομένων
1023 2206 1097 2288 πρὸς

79 2292 116 2353 τὰ
140 2298 221 2354 θεῖα·
246 2293 273 2353 εί
294 2291 405 2371 ἀληθῆ,
427 2292 464 2353 τδι
485 2290 610 2375 ἡμέτερα
632 2289 878 2376 ἀριδηλότερα(ἶ)).

171 2403 198 2458 p.
216 2386 266 2461 70,
283 2385 324 2443 20
334 2402 397 2460 sqq.
415 2391 506 2442 ταῦτα
525 2382 566 2455 εἰς
580 2380 761 2460 ἐπιστροφὴν
777 2381 827 2442 καὶ
845 2382 1009 2464 διόρθωσιν
1027 2384 1096 2463 βίου

79 2475 143 2542 τοῖς
165 2465 229 2530 κατ’
256 2467 304 2548 ἐμὲ
322 2471 406 2548 μύλα
429 2471 637 2532 συντείνονται.
1110 2488 1137 2530 τε

172 2581 199 2635 p.
217 2563 268 2638 71,
284 2563 324 2620 23
349 2557 416 2620 ούτε
439 2560 595 2638 χρημάτων
617 2559 690 2637 κτλ]
709 2555 847 2632 Ἡσίοδος
871 2550 926 2622 ούν
946 2558 982 2621 ού
1001 2564 1097 2633 καλῶς

81 2644 158 2726 λέγει
181 2640 274 2729 (Ἔργ.
296 2643 374 2728 313)
398 2643 526 2731 ’πλούτῳ
550 2645 577 2708 δ’
603 2646 690 2728 ἀρετὴ
713 2646 764 2709 καί
786 2650 878 2722 κῦδος
901 2644 1030 2727 όπηδεῑ’.

172 2757 200 2813 p.
218 2740 267 2814 74,
284 2740 326 2798 20
345 2731 408 2796 ἀλλ’
429 2734 475 2797 ἐπὶ
494 2735 579 2798 πέντε
598 2737 646 2797 καί
665 2738 756 2798 εἴκοσι
774 2737 845 2815 κτλ]
866 2731 929 2811 οἷος
947 2730 986 2816 ἦν
1006 2733 1098 2820 δἈρ-

84 2825 206 2903 χίδαμος
229 2822 278 2884 καί
302 2822 317 2885 δ
338 2819 510 2905 Ἀγησίλαος
532 2824 583 2886 καὶ
606 2816 718 2905 δἎγις
730 2821 919 2908 Ἡρακλεῖδαι
941 2824 991 2885 καί
1012 2828 1098 2905 βασι-

83 2918 143 2985 λεῖς
165 2913 400 2991 Πελοποννήσου
424 2912 490 2974 ἀντὶ
512 2922 564 2975 τοῦ
588 2912 619 2974 ἐκ
642 2923 700 2974 τῶν
723 2915 887 2994 κριτηρίων.
1112 2931 1141 2971 εο

173 3023 201 3078 p.
219 3004 268 3079 76,
285 3006 324 3062 29
345 3011 399 3082 γης
418 2999 512 3074 ἀλλως
530 2999 624 3082 ἀχθη]
640 2999 770 3082 Ὅμηρος
789 2996 834 3086 (Σ
851 2996 942 3082 104)·
966 2997 1099 3064 ρἐτώσιον

84 3086 179 3169 ἀχθος
202 3085 353 3170 ἀρούρης’.

174 3200 202 3255 p.
222 3183 272 3257 77,
289 3182 328 3239 13
341 3199 405 3257 sqq.
428 3180 588 3257 σημείωσαι
609 3189 673 3253 πῶς
695 3185 805 3241 νοεῖται
827 3183 867 3265 τῷ
887 3174 1039 3264 Ἰαμβλίχφ
1062 3179 1098 3240 τὰ

83 3276 136 3346 τῆς
155 3267 414 3346 μετεμψυχώσεως.

174 3378 202 3432 p.
221 3359 305 3433 82,7
330 3364 388 3417 τῶν
412 3353 444 3416 δὲ
467 3365 524 3417 νῦν
548 3357 717 3419 δοκούντων
740 3356 813 3434 κτλ]
836 3365 894 3417 τῶν
917 3355 984 3438 περὶ
1006 3366 1098 3436 σῶμα.
1113 3370 1145 3413 οσ

169 3549 187 3596 2
205 3542 383 3614 σίῦωμὲνοιε
395 3547 408 3618 Ι]
422 3546 472 3604 καλ
490 3545 566 3626 <οί>
586 3543 635 3607 ἐνῖ
648 3551 693 3624 ηδ
716 3544 936 3622 {mappam
955 3508 1130 3676 πξλοποδ.

112 3635 260 3682 Ἰκιτεττειττ
272 3643 418 3692 Ραοτκιιετ.
