2430 3848
335 181 606 238 PROTREPTICUS
625 185 659 252 (ο.
677 181 736 236 XV.
751 182 835 250 XVI).
1051 182 1094 246 83

76 346 238 410 νεύουσιν
270 345 368 428 ἐγγύς
399 369 431 410 τι
459 340 545 410 εἶναι
572 356 639 409 τῶν
667 353 727 410 τοῦ
754 345 905 428 σώματος
933 342 993 432 (τῷ
1022 346 1094 410 ἀντι

29 471 60 510 Κ.
77 453 141 536 γάρ
166 451 227 516 ούκ
250 451 387 517 ἐνοῦσαι
409 453 573 538 πρότερον
600 452 742 535 ὕστερον
766 450 977 535 ἐμποιεῖσθαι
1001 453 1095 516 ἔθεσι

74 555 131 623 καὶ
146 555 351 641 ἀσκησεσιν),
371 555 392 639 ἡ
407 553 444 621 δὲ
458 565 519 620 τοῦ
538 565 706 642 φρονῆσαι
724 558 849 634 παντὸς
862 561 989 641 μᾶλλον
1003 563 1093 622 θειο-

74 663 175 747 τέρου
207 664 298 739 τινὸς
327 662 497 746 τυγχάνει,
531 662 575 738 ὡς
606 664 727 745 έοικεν,
760 657 859 744 ούσα,
893 661 910 727 ὃ
940 663 1002 746 την
1032 660 1094 747 μὲν

77 771 223 853 δύναμιν
247 767 407 834 οὐδέποτε
430 767 629 849 ἀπόλλυσιν,
656 767 722 832 ὑπὸ
747 765 783 832 δὲ
807 777 864 852 τῆς
886 777 1120 853 περιαγωγῆςό

76 877 240 961 χρήσιμόν
267 872 381 939 τεκαὶ
405 871 575 958 ὠφέλιμον
598 871 653 937 καὶ
676 875 843 958 ἄχρηστον
871 869 914 939 αὖ
936 872 992 938 καὶ
1015 878 1094 956 βλα-

30 999 60 1039 A·
76 982 179 1066 βερὸν
206 983 362 1063 γίγνεται.
409 978 429 1062 ἢ
463 979 555 1045 ούπω
584 979 783 1063 ἐννενόηκας
809 990 877 1044 τῶν
906 979 1094 1064 λεγομένων

76 1083 138 1172 μὲν
160 1097 329 1172 πονηρῶν,
354 1096 471 1168 σοφῶν
495 1083 543 1168 δέ,
568 1085 611 1161 ὡς
631 1086 731 1169 δριμὺ
754 1082 816 1169 μἐν
835 1083 947 1167 βλέπει
970 1088 1007 1151 τὸ
1030 1097 1094 1165 ψυ-

75 1193 194 1279 χάριον
217 1190 271 1257 καὶ
294 1190 394 1270 ὀξέως
413 1193 510 1278 διορᾷ
533 1200 636 1256 ταῦτα
660 1187 713 1275 ἐφ’
736 1190 756 1255 ἀ
779 1190 964 1278 τέτραπται,
987 1193 1032 1269 ὡς
1051 1193 1093 1258 ού

76 1301 211 1383 φαύλην
235 1301 312 1382 ἔχον
331 1298 392 1381 τὴν
412 1300 502 1380 όψιν,
527 1301 623 1384 κακίᾳ
644 1295 680 1362 δέ
699 1297 952 1383 ἠναγκασμένον
970 1298 1092 1385 ὑπηρε-
1107 1316 1133 1355 10

75 1416 161 1487 τεῖν,
196 1406 278 1469 ὥστε
308 1404 375 1490 όσφ
404 1401 445 1468 ἀν
473 1401 631 1488 ὀξύτερον
661 1402 781 1490 βλέπη,
813 1405 962 1492 τοσούτω
990 1408 1092 1470 πλείω

74 1512 159 1576 κακά
183 1510 417 1596 ἐργαζόμενον;
446 1518 544 1574 τοῦτο
573 1507 686 1592 μέντοι
712 1513 749 1576 τὸ
771 1519 829 1594 της
851 1513 1006 1595 τοιαύτης
1029 1514 1092 1596 φύ-

74 1633 160 1693 σεως
187 1619 218 1680 εί
244 1615 280 1681 ἐκ
307 1617 426 1692 παιδὸς
457 1614 563 1692 εὐθὺς
588 1618 795 1699 κοπτόμενον
812 1620 1003 1706 ,περιεκόπη
1036 1619 1093 1694 τὰς

73 1732 133 1806 τῆς
169 1721 330 1806 γενέσεως
367 1721 534 1804 ξυγγενεῖς
571 1723 680 1803 ὥσπερ
717 1724 937 1805 μολυβδίδας,
979 1726 1016 1787 αἳ
1051 1724 1092 1806 δη

74 1829 216 1905 ἐδωδαῖς
252 1852 287 1893 τε
323 1826 378 1892 καὶ
412 1828 574 1893 τοιούτων
611 1827 749 1911 ἡδοναῖς
780 1850 814 1892 τε
847 1827 902 1893 καλ
934 1830 1092 1913 λιχνείαις
1107 1845 1132 1885 15

73 1946 261 2020 προσφυεῖς
279 1938 474 2019 γιγνόμεναι
492 1932 567 2019 περὶ
585 1936 626 1999 τά
644 1935 731 2000 κάτω
751 1932 933 2019 στρέφουσι
954 1937 1016 2018 τὴν
1034 1943 1092 2019 τῆς

73 2049 183 2126 ψυχῆς
211 2042 307 2123 όῦιν,
340 2036 388 2106 ὧν
421 2043 451 2106 εί
478 2038 666 2124 ἀπαλλαγὲν
693 2039 946 2126 περιεστρέφετο
978 2043 1025 2119 είς
1052 2043 1092 2106 τά

74 2148 197 2232 ἀληθῆ,
216 2145 271 2211 καὶ
291 2147 400 2212 ἐκεῖνα
414 2145 456 2211 ἀν
474 2148 511 2211 τὸ
530 2147 611 2211 αὐτὸ
626 2156 724 2212 τοῦτο
741 2158 809 2213 τῶν
828 2148 939 2213 αὐτῶν
959 2148 1091 2235 ἀνθρύ-

73 2276 148 2319 πων
167 2253 330 2337 ὀξύτα<τα
354 2250 451 2338 ἑώρα,
475 2253 607 2337 ὥσ>περ
631 2251 685 2317 καλ
705 2250 758 2337 ἐφ’
780 2253 800 2318 ἀ
821 2263 885 2319 νῦν
904 2252 1088 2338 τέτραπται.

164 2363 242 2424 Νῦν
267 2358 308 2442 δη
335 2353 412 2440 οὖν,
442 2357 539 2423 ὁπότε
567 2358 715 2422 ἐνταῦθα
742 2362 942 2443 γεγόναμεν,
970 2359 1025 2425 καὶ
1053 2363 1090 2424 τὸ
1106 2376 1132 2415 2⁰

24 2473 133 2549 mm
160 2468 363 2549 φιλοσοφίας
392 2466 491 2548 ἔργον
520 2462 637 2528 ὁποῖόν
668 2463 737 2528 ἐστι
765 2466 933 2546 φαίνεται,
964 2462 1019 2528 καὶ
1047 2467 1092 2544 ὥς

73 2571 144 2637 ἐστι
171 2573 283 2654 τίμιον
312 2570 458 2634 αὐτόθεν
484 2565 553 2633 ἐστὶ
575 2569 772 2652 κατάδηλον.
817 2570 854 2634 τὸ
877 2571 942 2656 γάρ
965 2593 1091 2656 περιαι-

74 2688 146 2763 ρεῖν
168 2677 231 2760 την
254 2674 387 2759 γένεσιν
415 2675 478 2740 ἀπὸ
506 2684 563 2758 τῆς
586 2685 693 2759 ψυχῆς
715 2674 770 2741 καλ
794 2674 1006 2761 ἐκκαθαίρειν
1029 2679 1091 2762 την

74 2785 265 2866 λογίζεσθαι
294 2781 486 2866 δυναμένην
516 2781 616 2864 αὐτῆς
645 2780 815 2865 ἐνέργειαν
838 2783 979 2866 μάλιστα
1007 2784 1090 2868 αὐτῇ

73 2891 242 2973 προσηκει.
293 2883 392 2964 οὗτος
420 2883 482 2953 οὖν
510 2889 643 2972 ἀριστος
671 2891 792 2972 τρόπος
819 2896 880 2951 τοῦ
907 2890 999 2971 βίου,
1027 2889 1089 2973 την
1104 2905 1129 2945 ²⁵

75 2995 294 3077 δικαιοσύνην
316 2992 371 3059 καὶ
394 2994 455 3077 τὴν
479 2995 584 3076 ἀλλην
608 2993 728 3078 ἀρετὴν
747 2993 932 3070 ἀσκοῦντας
952 2993 1008 3059 καὶ
1032 2999 1067 3079 ζῆ

74 3100 126 3167 καὶ
145 3101 316 3168 τεθνάναι.
354 3101 460 3186 τούτῳ
480 3095 543 3164 οὖν
565 3097 732 3184 ἑπόμεθα,
757 3101 787 3164 εί
803 3102 1011 3185 βουλοίμεθα
1035 3103 1089 3167 όν-

74 3231 136 3284 τως
160 3208 427 3292 εὐδαιμονήσειν.

161 3352 204 3402 26.
221 3352 254 3399 27
275 3339 400 3409 ούτος-
413 3340 564 3417 ἑπόμεθα]
583 3345 654 3400 Plan.
671 3345 753 3412 Gorg.
769 3362 796 3413 p.
813 3350 864 3399 527
875 3347 906 3400 Ε,

163 3478 177 3526 7
198 3463 216 3540 ἦ
235 3471 244 3540 ΙΙ
264 3477 296 3525 19
315 3472 389 3525 inter
409 3465 495 3537 όξῦτα
515 3470 579 3542 (sic)
599 3471 629 3527 eb
647 3489 700 3540 περ
720 3467 833 3524 mum
847 3465 1116 3522 mmmmm

78 3543 196 3610 explevit
211 3540 236 3593 A
256 3559 291 3596 ex
306 3541 331 3595 P
340 3544 355 3614 ΙΙ
367 3549 401 3598 27
421 3539 567 3616 ἑπόμεθα
588 3561 624 3602 ex
643 3562 751 3619 apogr.
766 3540 831 3596 (δὶα,
842 3540 893 3594 Kx
910 3534 1069 3678 ἓτζῖμεθα.
