2430 3848
352 171 626 228 PROTREPTICUS
645 176 679 242 (ο.
694 173 741 228 111.
755 173 814 245 ιν).
1050 174 1089 237 17

75 353 166 400 των·
199 334 340 420 ὁρῆταί
367 356 407 398 τε
440 334 512 418 γάρ
548 330 596 398 δι’
628 334 729 399 αὐτῶ
757 337 883 401 πάντα
913 335 977 401 καὶ
1004 361 1092 420 γεν-

75 451 194 525 νῆται
221 438 287 506 καὶ
316 451 470 524 νοῆται,
505 439 723 524 ῥιζωθέντα
753 440 817 507 καὶ
844 441 1092 525 γενναθίντα

78 545 119 613 δὲ
142 548 339 632 τράφεταί
356 568 395 610 τε
413 544 477 610 καὶ
501 544 654 623 ἀέξεται
676 544 741 611 καὶ
766 550 988 630 ζωπυρῆται
1010 545 1087 632 μετ’
1135 554 1144 564 ‘

81 651 315 729 αίσῦάσιος.’
361 651 450 716 πάνυ
482 651 742 737 ἐπιστημονικῶς
780 652 927 742 ἐνταῦθα
958 656 1019 735 τήν
1056 677 1091 719 τε

79 761 183 843 φύσιν
206 757 261 824 καὶ
285 757 455 844 ἐνέργειαν
477 767 534 841 τῆς
559 761 680 841 σοφίας
703 758 919 843 ἐπιδείκνυσι,
949 758 1003 824 καὶ
1026 759 1118 825 ἀπὸν

10 885 61 925 21<-
77 874 137 931 τοῦ
169 865 421 950 χρησιμωτάτην
453 863 559 948 αὐτὴν
594 859 680 929 εἶναι
711 863 766 929 καὶ
802 864 1092 950 ἡγεμονικωτάτην

79 984 220 1037 ποιεῖται
238 973 299 1055 την
317 970 510 1056 προτροπὴν
530 969 582 1035 ἐπὶ
602 972 661 1034 τὸν
677 979 762 1036 νοῦν
779 970 835 1036 καὶ
853 973 915 1055 τὴν
934 975 1091 1057 θεωρίαν.

78 1077 132 1144 καὶ
165 1080 245 1143 ἀλλο
274 1074 310 1143 δὲ
343 1077 536 1161 θαυμάσιον
565 1069 638 1141 οἷον
666 1079 713 1154 εἰς
739 1079 933 1164 προτροπὴν
961 1078 1092 1161 ἀγαθὸν

80 1183 265 1271 παρέχεται
296 1184 359 1249 ἀπὸ
383 1184 446 1267 γάρ
469 1195 536 1248 τῶν
561 1186 739 1270 γνωρίμων
762 1195 905 1249 ποιεῖται
927 1186 989 1267 τὴν
1012 1185 1092 1248 ὑπό-

81 1308 203 1376 μνησιν
237 1285 281 1354 δι’
313 1290 491 1373 ἀναλογίας
523 1289 695 1373 ἐναργοῦς.
739 1293 776 1356 τὸ
807 1293 870 1377 γάρ
899 1293 979 1369 ὄψιν
1007 1285 1092 1355 εἶναι
1108 1309 1133 1348 10

80 1397 241 1480 ὀξυτάτην
263 1407 331 1461 τῶν
354 1398 545 1480 αἰσθήσεων
564 1395 620 1462 καὶ
644 1396 885 1483 ἀκριβεστάτην
903 1396 959 1462 καὶ
980 1420 1093 1481 τιμιω-

80 1503 182 1587 τάτην
209 1511 289 1567 πᾶσι
317 1504 501 1588 πρόδηλον,
533 1501 587 1566 καὶ
610 1503 647 1567 τὸ
669 1504 729 1568 τὸν
752 1503 848 1586 ἥλιον
871 1515 938 1568 τῶν
962 1504 1093 1590 ἀστρων

80 1609 252 1695 ὑπερέχειν
281 1608 404 1674 οὐδένα
431 1608 569 1691 λέληθε,
600 1606 654 1673 καὶ
683 1612 720 1673 τὸ
747 1610 806 1673 τὸν
834 1618 919 1674 νοῦν
945 1619 1003 1692 τῆς
1030 1620 1092 1687 ψυ-

80 1726 140 1802 χῆς
169 1711 257 1782 εἶναι
293 1713 471 1799 ἐξάρχοντα
508 1714 545 1779 ἐν
577 1725 649 1789 ταίς
680 1723 808 1789 κοιναίς
837 1714 982 1790 ἐννοίαις
1013 1736 1092 1799 προ-

78 1826 270 1907 ειληφαμεν.
316 1821 379 1887 ἀπὸ
413 1820 454 1904 δη
486 1821 615 1885 τούτων
642 1821 680 1885 τὸ
712 1818 875 1906 διαφέρον
902 1821 1092 1906 παραδηλοῖ
1107 1839 1131 1879 15

77 1938 136 2012 τῆς
172 1932 293 2011 σοφίας
328 1929 411 2012 πρὸς
447 1927 576 1991 ἅπαντα
612 1928 652 1990 τά
685 1925 885 2011 ἀνθρώπινα
919 1926 1093 2013 πράγματα

78 2038 254 2121 γνωρίμως
276 2033 331 2099 καὶ
354 2034 630 2118 ἐπιστημονικῶς,
659 2033 742 2098 ὥστε
770 2029 916 2117 εὐμαθὲς
944 2027 1029 2098 εἶναι
1056 2034 1093 2096 τὸ

79 2138 204 2225 ἀληθὲς
230 2140 285 2206 καὶ
314 2142 478 2225 εὔληπτον
505 2151 575 2216 τοῖς
606 2139 766 2205 ἀκούουσι
798 2141 835 2204 τὸ
865 2143 1094 2226 κρυπτόμενον

79 2247 117 2314 ἐν
149 2248 279 2331 ἀφανεῖ.
324 2248 407 2334 πρὸς
433 2247 564 2322 τούτοις
596 2249 714 2311 τοίνυν
746 2244 802 2311 καὶ
830 2245 894 2311 ἀπὸ
927 2257 994 2311 τῶν
1024 2248 1094 2310 δια-

78 2365 196 2438 φορῶν
225 2352 364 2419 ἑκάστου
391 2355 413 2437 ἥ
440 2376 475 2418 τε
503 2354 631 2435 είδησις
657 2361 715 2435 της
737 2354 859 2436 σοφίας
881 2349 936 2415 καὶ
965 2351 983 2433 ἡ
1011 2352 1094 2436 πρὸς
1109 2369 1135 2408 ιο

79 2460 186 2544 αὐτὴν
208 2461 379 2547 προτροπὴ
403 2459 668 2524 ἀναδιδάσκεται.
714 2466 812 2523 τοῦτο
836 2453 898 2541 μὲν
920 2458 996 2542 γάρ,
1021 2457 1093 2539 ελὴ

10 2580 63 2631 ιΔ·
79 2570 158 2646 ὄψις
172 2565 458 2651 ἑκαβολεστάτα
472 2563 537 2630 καὶ
558 2563 871 2630 πολυειδεστάτα
890 2572 959 2629 τάν
974 2563 1096 2629 ἀλλᾶν

81 2675 306 2739 αίσθασίων
339 2672 436 2757 ἐντί,
474 2671 529 2738 καὶ
562 2671 582 2755 ἡ
616 2675 718 2755 σοφία
750 2673 833 2737 κατά
869 2673 909 2736 τά
941 2671 1024 2735 αὐτά
1056 2673 1096 2735 τά

79 2780 284 2865 πορρωτάτω
309 2779 515 2864 ἀφεστηκότα
544 2778 588 2855 ὡς
611 2781 759 2863 παρόντα
782 2789 857 2843 νοεί
883 2774 938 2842 καὶ
961 2776 1095 2841 πάντων

78 2895 149 2950 τῶν
173 2887 281 2950 ὄντων
304 2886 344 2950 τά
373 2886 445 2968 είδη
468 2886 684 2969 περιείληφεν
712 2882 748 2947 ἐν
776 2880 890 2967 ἑαυτῇ·
917 2891 1016 2947 τοῦτο
1047 2880 1137 2966 δι’,κο

80 2993 114 3058 εί
140 2991 158 3056 δ
185 2994 277 3068 νόος
309 2991 455 3067 ὕπατος
487 2992 588 3073 λόγω
621 2987 685 3054 καὶ
713 2991 897 3065 διανοίας
929 2991 970 3054 τὸ
1005 2988 1096 3055 δέον

10 3097 326 3184 Ιιῐὲόπικραίνων
353 3095 417 3162 καὶ
449 3098 539 3174 ὄψις
570 3094 634 3161 καλ
668 3095 834 3180 δύναμις
860 3106 937 3161 τῶν
965 3119 1096 3180 τιμιω-

77 3206 208 3270 τάτων
231 3203 430 3297 ὑπάρχων,
454 3203 586 3279 πάντως
604 3224 671 3266 που
691 3200 746 3266 καὶ
769 3201 790 3284 ἡ
813 3204 918 3285 σοφία
942 3201 1097 3277 ὡσαύτως

172 3368 188 3416 3
208 3379 238 3414 τε
257 3363 322 3430 post
335 3357 474 3430 τράφεται
488 3359 656 3428 transposui,
676 3357 751 3425 quod
766 3360 830 3426 post
845 3358 1005 3425 ζωπυρῆται
1019 3358 1094 3426 lege·

80 3434 178 3502 batum
198 3432 232 3487 cf.
251 3431 288 3486 ad
307 3450 333 3502 p.
354 3437 396 3500 18,
416 3434 512 3502 91115
531 3448 598 3485 num
617 3426 773 3497 ἀποδηλοῑλ
792 3430 801 3498 ΙΙ
820 3433 853 3482 23
875 3423 937 3482 ἐντί
951 3428 988 3482 K:
1013 3424 1074 3483 ἐστί
1089 3428 1098 3500 Η

121 3639 259 3682 Immum
270 3639 405 3680 Ρεονιωον.
940 3626 963 3672 ‘2
