2430 3848
406 181 682 238 PROTREPTICUS
702 184 735 251 (ι.
749 183 807 252 Jx).
1072 185 1113 248 51

101 343 334 429 γεγενημένων
357 342 447 410 ἐστὶν
474 347 549 429 ἤτοι
577 345 685 409 πάντα
712 344 907 428 τοπαράπαν
935 344 1019 428 ἢτά
1041 346 1115 431 βέλ-

53 468 83 510 A.
100 467 194 517 τιστα
216 449 271 517 καλ
290 453 481 536 τιμιώτατα·
505 448 657 535 διαφέρει
677 451 741 534 γάρ
766 445 867 515 οὐδέν
889 455 986 528 εἴτις
1004 452 1115 519 αὐτῶν

97 559 138 622 τά
169 559 277 622 πολλὰ
313 557 402 642 παρὰ
438 557 544 640 φύσιν
576 562 680 621 οἴεται
712 562 916 639 γεγενῆσθαι
952 558 1008 622 διά
1039 582 1115 624 τινα

98 664 237 749 φθοράν
268 661 324 728 καὶ
356 665 555 748 μοχθηρίαν.
600 662 797 746 τιμιώτατον
833 661 872 727 δέ
897 686 934 746 γε
966 671 1047 729 τῶν
1061 665 1113 731 ἐν·

46 821 62 859 ,
97 776 209 835 ταῦθα
234 765 326 856 ζῴων
354 770 535 855 άνθρωπός
565 767 670 850 ἐστιν,
699 768 782 833 ὥστε
813 769 916 851 δῆλον
940 769 991 834 ὅτι
1014 771 1141 854 φάσειὸ

96 899 131 941 τε
154 873 316 941 καὶκατὰ
339 876 444 959 φύσιν
463 873 589 958 γέγονε.
630 871 685 940 καὶ
703 875 803 939 τοῦτό
826 874 895 939 ἐστι
918 886 986 942 τῶν
1005 877 1114 943 ὄντων

99 977 139 1047 οὗ
161 982 260 1067 χάριν
282 983 303 1065 ἡ
327 982 429 1066 φύσις
458 981 543 1065 ἡμᾶς
573 978 730 1063 ἐγέννησε
757 977 812 1045 καὶ
836 980 853 1046 ὁ
876 983 966 1059 θεός.
1011 986 1047 1048 τί
1071 984 1113 1067 δὴ

98 1090 197 1152 τοῦτό
216 1086 285 1153 ἐστι
300 1090 506 1171 Πυθαγόρας
520 1084 741 1172 ἐρωτώμενος,
762 1085 810 1150 ’τὸ
825 1087 1028 1153 θεάσασθαι’
1043 1084 1113 1155 εἶπε

46 1211 86 1252 611.
100 1192 170 1259 ’τὸν
185 1192 355 1276 οὐρανόν,
374 1190 430 1258 παλ
448 1191 567 1258 ἑαυτὸν
583 1189 620 1256 δὲ
633 1193 767 1276 θεωρὸν
786 1194 932 1276 ἔφασκεν
951 1187 1038 1259 εἶναι
1055 1204 1113 1279 τῆς

98 1300 232 1382 φύσεως
253 1297 309 1364 καὶ
331 1299 452 1364 τούτου
477 1297 573 1363 ἕνεκα
590 1296 860 1383 παρεληλυθέναι
883 1300 930 1375 εἰς
947 1301 1006 1365 τὸν
1025 1303 1111 1384 βίον.
1126 1320 1153 1359 10

96 1403 152 1469 καὶ
171 1403 397 1491 Ἀναξαγόραν
416 1404 456 1470 δέ
476 1422 581 1488 φασιν
600 1406 705 1470 εἰπεῖν
726 1402 937 1491 ἐρωτηθέντα
960 1409 1051 1484 τίνος
1070 1406 1113 1472 άν

97 1510 194 1577 ἕνεκα
217 1510 325 1576 ἕλοιτο
343 1511 503 1594 γενέσθαι
520 1535 570 1587 τις
591 1509 647 1575 καὶ
667 1514 735 1594 ζῆν,
759 1509 1008 1597 ἀποκρίνασθαι
1029 1515 1112 1601 πρὸς
1144 1593 1147 1597 ⁴

97 1619 158 1702 τὴν
182 1617 358 1703 ἐρώτησιν·
388 1618 434 1694 ὡς
456 1617 528 1681 “τοῢ
554 1616 747 1681 θεάσασθαι
775 1618 828 1696 [τά
850 1614 940 1702 περὶ]
968 1620 1028 1684 τὸν
1056 1620 1112 1685 οὐ·

97 1725 204 1808 ρανὸν
226 1720 282 1789 καλ
305 1724 388 1808 <τά>
412 1720 488 1808 περὶ
511 1721 614 1788 αὐτὸν
634 1722 737 1808 άστρα
761 1719 870 1785 τεκαὶ
893 1725 1038 1806 σελήνην
1056 1722 1112 1789 καλ

97 1830 216 1913 ἥλιον,
236 1831 281 1907 ὡς
294 1841 361 1895 τῶν
380 1831 491 1895 ἄλλων
508 1853 547 1912 γε
565 1828 700 1893 πάντων
715 1827 854 1904 οὐδενὸς
872 1826 974 1904 ἀξίων
994 1831 1110 1898 ὄντων.
1126 1850 1152 1890 15

97 1938 128 2000 εἰ
157 1939 276 2001 τοίνυν
307 1937 431 2012 παντὸς
461 1934 512 2001 άελ
542 1937 579 2000 τὸ
611 1933 705 2011 τέλος
737 1932 806 2000 ἐστὶ
838 1931 969 2017 βέλτιον
1002 1934 1112 2020 (ἕνεκα

96 2044 159 2128 γάρ
187 2051 248 2107 τοῦ
275 2041 390 2120 τέλους
416 2041 523 2107 πάντα
546 2043 695 2126 γίγνεται
722 2042 762 2106 τά
789 2043 986 2125 γιγνόμενα,
1015 2043 1052 2107 τὸ
1077 2041 1108 2106 θ’

97 2143 137 2213 οὗ
157 2146 253 2213 ἕνεκα
271 2146 403 2230 βέλτιον
421 2146 476 2212 καλ
490 2145 663 2230 βέλτιστον
682 2147 843 2233 πάντων),
862 2146 956 2225 τέλος
974 2145 1012 2214 δέ
1029 2151 1112 2215 κατά

96 2255 201 2337 φύσιν
219 2256 317 2319 τοῦτό
336 2253 459 2319 ἐστινὸ
478 2255 560 2318 κατά
578 2254 640 2337 την
654 2252 786 2335 γένεσιν
800 2252 949 2336 πέφυκεν
965 2255 1109 2321 ὕστατον

96 2359 317 2424 ἐπιτελεῖσθαι
335 2357 576 2444 περαινομένης
594 2367 653 2442 τῆς
669 2357 829 2442 γενέσεως
848 2371 1007 2442 συνεχῶς·
1031 2361 1109 2426 οὐκ·
1122 2380 1150 2419 εο

95 2475 158 2531 οῦν
190 2476 322 2551 πρῶτον
355 2463 416 2550 μὲν
447 2467 487 2531 τά
519 2466 601 2530 κατά
631 2466 667 2529 τὸ
697 2474 790 2547 σῶμα
820 2473 887 2528 τῶν
917 2464 1108 2552 ἀνθρώπων

94 2572 256 2656 λαμβάνει
282 2571 389 2654 τέλος,
418 2572 560 2656 ὕστερον
584 2566 621 2649 δὲ
649 2571 689 2635 τά
711 2570 793 2634 κατά
816 2570 877 2653 τὴν
899 2571 1027 2655 ψυχὴν,
1052 2575 1112 2636 καί

92 2699 162 2755 πως
181 2677 231 2742 άεὶ
250 2678 287 2742 τὸ
306 2687 367 2743 τοῦ
384 2679 554 2762 βελτίονος
571 2676 665 2754 τέλος
684 2676 844 2761 ὑστερίζει
862 2685 920 2760 τῆς
938 2677 1107 2759 γενέσεως.

46 2797 81 2841 SA.
93 2784 220 2849 οὐκοῦν
246 2785 336 2869 ψυχὴ
364 2785 515 2868 σώματος
545 2784 703 2865 ὕστερον,
733 2781 789 2846 καὶ
821 2792 888 2845 τῶν
915 2791 973 2864 τῆς
1001 2793 1108 2867 ψυχῆς

92 2895 282 2956 τελευταῖον
314 2889 334 2972 ἡ
367 2891 544 2975 φρόνησις·
576 2897 674 2953 τοῦτο
707 2888 770 2970 γάρ
803 2886 948 2951 ὕστατον
976 2886 1106 2973 ὁρῶμεν
1120 2907 1147 2947 ιε

93 3007 311 3118 *s—ff]
332 3042 363 3101 ἐν
384 3045 515 3099 Φλιοῦντι
538 3045 645 3099 addunt
668 3045 819 3098 summaria
837 3062 864 3112 p.
884 3048 909 3111 4,
925 3048 971 3111 11;
995 3044 1030 3100 cf.
1051 3043 1105 3101 cie.

91 3117 110 3176 l,
125 3136 150 3173 ο.
165 3118 242 3187 adp.
259 3124 301 3185 53,
318 3123 350 3171 19
365 3118 374 3185 ΙΙ
390 3121 421 3170 11
433 3133 493 3184 sqq.
513 3116 547 3172 cf.
567 3116 682 3170 Eudem.
702 3116 766 3171 Eth.
780 3119 802 3168 Α
818 3120 834 3169 5
853 3133 880 3183 p.
898 3120 988 3182 12161,
1002 3121 1032 3169 11
1045 3134 1104 3184 sqq.

92 3189 249 3244 Sternbach
263 3189 299 3243 ad
314 3188 412 3242 Gnom.
427 3188 490 3242 θοι.
507 3191 557 3240 114
573 3187 697 3256 (Wiener
711 3185 830 3240 Studien
844 3185 868 3239 X
883 3189 937 3254 20).

182 3338 249 3398 6sq.
263 3329 312 3384 καὶ
325 3330 409 3384 τοῦτο
418 3332 474 3382 τῶν
484 3324 573 3382 ὄντων
584 3359 616 3367 -
627 3325 707 3396 θεός,
716 3328 746 3380 τί
752 3324 787 3395 δὴ
797 3325 926 3380 mantii:
941 3326 990 3380 ιιαλ
1003 3329 1033 3381 τί
1039 3324 1103 3382 ποτ’

93 3397 152 3458 ἐστὶ
165 3402 222 3456 τῶν
237 3397 327 3455 ὄντων
342 3432 374 3440 -
390 3398 474 3467 θεός;
488 3400 518 3453 τί
528 3396 580 3468 θὴλ
595 3398 694 3452 Vitelli
707 3399 717 3467 ΙΙ
733 3401 764 3450 11
786 3395 890 3450 ἐἰπεῖν
905 3397 1054 3450 redundak’
1071 3400 1113 3450 K.

92 3477 121 3528 at
139 3473 174 3528 ef.
195 3471 311 3552 Εοάωο.
326 3472 335 3540 ΙΙ
351 3478 384 3526 13
403 3466 437 3524 τὰ
456 3468 520 3542 περὶ
539 3469 708 3542 ᾱεΙοτίηἈ
728 3465 766 3524 τὰ
788 3466 971 3536 mmm
989 3481 1132 3531 mum-

89 3543 175 3612 μένης
191 3559 303 3612 εαιιμειι
321 3541 534 3614 περαιουμένης
554 3561 659 3618 marg,
676 3539 879 3616 ιταιρομὲνοις
890 3538 932 3592 'm
944 3535 1048 3589 mm.

949 3604 1208 3730 ,θλ
