2430 3848
364 203 638 260 Ριιουιιυειιοοε
657 206 691 271 (0.
705 204 739 258 ιι.
754 204 812 274 111).
1054 203 1092 266 11

78 365 188 429 πάντα
211 373 313 430 ταῦτα
343 365 477 450 ἀνάγων
500 369 547 444 είς
573 368 636 450 την
658 377 716 452 τῆς
739 367 856 498 ἀρετίχς
884 366 1095 449 ἐπιτήδευσιν

80 471 141 554 οὐχ
171 470 282 548 ἁπλῶς
310 481 368 557 τῆς
398 475 578 558 τυχούσης,
611 469 683 538 ἀλλ’
717 472 838 557 ἀμφ’
820 482 904 557 ημᾶς
937 472 1095 557 ἀφίστησι

12 602 64 642 41(
79 573 141 662 μὲν
165 586 223 663 τῆς
246 578 463 666 ἀνθρωπίνης
481 581 624 665 φύσεως,
648 578 741 645 έπλδ
743 575 838 662 δτην
856 583 956 643 θείαν
975 579 1095 645 οὐσίαν

79 682 135 749 καὶ
153 685 215 768 την
233 697 361 768 γνῶσιν
379 697 437 771 της
455 689 551 764 θείας
570 686 688 773 ἀρετῆς
705 684 759 751 καὶ
778 688 840 769 τὴν
858 695 974 769 κτῆσιν
994 686 1096 770 αὐτης

79 791 239 876 περιάγει.
285 792 368 857 ἀλλά
395 794 461 877 μην
494 799 541 870 είς
572 817 610 877 γε
642 795 703 877 τὴν
730 794 941 880 θεωρητικὴν
972 795 1123 875 σοφίανε
1180 800 1184 807 “

81 899 137 962 διά
159 897 289 963 τούτων
310 905 507 985 παρακαλεῖ·

556 1019 747 1088 τούτωνδδ
770 1027 936 1109 κρατήσας

102 1094 247 1212 γνώσεαι
270 1128 451 1194 ἀθανάτων
473 1153 509 1195 τε
531 1137 624 1195 θεῶν
646 1136 784 1213 θνητῶν
806 1126 835 1194 τ’
862 1130 1053 1214 ἀνθρώπων

102 1237 275 1319 σύστασιν,
298 1227 320 1322 ᾖ
342 1260 377 1301 τε
401 1236 521 1302 ἕκαστα
545 1229 753 1323 διέρχεται
731 1262 752 1323 η
776 1261 811 1302 τε
834 1247 1014 1323 κρατεῖται·

101 1343 215 1428 γνώσῃ
240 1335 334 1429 δ’,ᾗ
358 1343 457 1427 θέμις
480 1343 565 1428 ἐστί,
589 1346 694 1429 φύσιν
717 1343 793 1432 περὶ
816 1346 939 1421 παντὸς
963 1344 1093 1429 ὁμοίην,
1109 1370 1137 1408 ιο

101 1449 185 1514 ὥστε
208 1467 245 1514 σε
269 1453 350 1535 μήτε
373 1445 484 1515 ἄελπτ’
511 1450 652 1530 ἐλπίζειν
676 1454 756 1536 μήτε
778 1476 810 1516 τι
833 1454 962 1536 ληθειν.

78 1573 208 1638 τούτων
235 1575 299 1660 γάρ
331 1575 393 1640 οὐκ
425 1577 516 1640 ἔστιν
549 1577 633 1640 ἀλλα
664 1576 923 1661 θαυμασιώτερα
955 1587 1025 1653 τοῖς
1058 1571 1096 1641 εὖ

18 1699 65 1740 τε.
79 1682 268 1764 πεφυκόσιν
291 1683 338 1757 είς
360 1681 398 1744 τὸ
421 1686 659 1765 παρορμᾶσθαι
677 1684 839 1763 γενναίως
863 1682 909 1756 είς
930 1682 992 1764 την
1009 1688 1096 1746 θεω-

79 1787 218 1871 ρητικὴν
232 1789 448 1870 φιλοσοφίαν.
481 1786 502 1870 ἡ
517 1783 578 1871 μὲν
592 1786 657 1872 γάρ
671 1796 794 1868 γνῶσις
808 1796 876 1851 τῶν
889 1792 982 1851 θεῶν
997 1787 1096 1872 ἀρετή

77 1891 116 1956 τέ
133 1891 276 1957 ἐστικαὶ
297 1897 400 1977 σοφία
418 1891 473 1959 καὶ
492 1893 689 1978 εὐδαιμονία
708 1895 826 1976 τελεία,
850 1905 941 1958 ποιεί
958 1917 993 1958 τε
1011 1893 1096 1978 ἡμᾶς
1110 1916 1138 1957 15

78 2009 149 2075 τοῖς
176 2006 271 2076 θεοῖς
298 2000 449 2084 ὁμοίους,
478 1999 498 2083 η
527 1995 564 2065 δὲ
591 2011 659 2065 τών
683 1999 910 2090 ἀνθρωπίνων
934 2000 1094 2084 ἐπιστήμη

77 2106 137 2181 τάς
158 2128 193 2171 τε
217 2106 434 2191 ἀνθρωπίνας
458 2106 575 2193 ἀρετάς
597 2105 731 2192 παρέχει
759 2104 814 2170 καὶ
836 2118 904 2171 τῶν
926 2107 1096 2194 ἡμετέρων

78 2213 282 2296 πραγμάτων
306 2213 487 2300 ἐμπείρους
509 2225 611 2295 ποιεῖ,
640 2213 680 2277 τά
706 2235 741 2277 τε
765 2212 828 2278 ἀπὸ
857 2215 986 2279 τούτων
1010 2213 1096 2299 ὠφέ-

79 2323 158 2401 λιμα
186 2321 241 2384 καλ
269 2321 416 2404 βλαβερά
445 2321 624 2404 διακρίνει,
657 2316 713 2383 καὶ
739 2320 779 2382 τά
807 2315 869 2402 μὲν
898 2321 1096 2403 φυλάττεται

78 2425 120 2488 τά
143 2420 180 2490 δὲ
201 2436 376 2512 περιποιεῖ,
399 2424 454 2491 καὶ
478 2426 563 2502 ὅλως
585 2425 647 2507 την
671 2424 831 2489 σύστασιν
854 2425 926 2506 ἥτις
948 2423 1017 2489 ἐστὶ
1039 2436 1097 2510 τῆς
1111 2449 1139 2488 ιο

79 2529 297 2616 ἀνθρωπίνης
330 2535 412 2616 ζωῆς
444 2534 532 2619 λόγω
564 2554 599 2596 τε
631 2529 686 2597 καὶ
719 2534 804 2617 ἔργω
837 2531 1096 2615 καταμανθάνει.
1134 2516 1137 2521 ’

10 2655 62 2695 εκ.
78 2639 115 2701 τὸ
136 2633 173 2701 δὲ
191 2639 471 2722 θαυμασιώτατον
490 2638 597 2703 έκεῖνο
618 2638 808 2702 διδάσκεται
828 2637 892 2703 ἀπὸ
910 2648 968 2721 τῆς
986 2640 1097 2703 τοιαύ-

78 2766 138 2825 της
160 2745 327 2828 είδησεως,
351 2745 432 2809 κατά
450 2748 485 2809 τί
502 2741 665 2829 διέρχεται
684 2745 828 2820 εὐλύτως
848 2741 903 2808 καὶ
922 2744 1097 2822 ἀκωλύτως

78 2848 200 2915 ἕκαστα
222 2861 289 2915 τών
313 2850 350 2915 ἐν
372 2850 468 2935 ἡμῖν,
498 2852 560 2916 ὅσα
584 2848 653 2915 ἐστὶ
675 2860 732 2935 τῆς
754 2852 943 2935 κρείττονος
968 2855 1096 2936 μοίρας,

78 2953 134 3020 καλ
161 2958 243 3021 κατά
270 2961 305 3021 τί
328 2967 494 3044 κρατεῖται
521 2955 577 3022 καλ
603 2957 781 3039 κωλύεται,
811 2957 894 3019 ὥστε
922 2956 965 3040 μὴ
995 2958 1096 3023 δύνα-
1111 2977 1138 3018 τε

77 3069 161 3127 σθαι
185 3063 309 3150 ῥᾳδίως
331 3062 453 3141 ἐξιέναι
474 3061 530 3128 καί
551 3072 620 3128 τῶν
644 3063 775 3147 δεσμῶν
799 3062 1015 3128 ἀπολύεσθαι.

169 3225 184 3273 7
196 3237 255 3289 sqq,
277 3219 368 3273 Carm.
388 3222 453 3274 Aur.
473 3238 518 3275 vv.
538 3225 654 3274 49-53.

170 3368 201 3416 11
223 3357 331 3416 ἄελπτα
349 3363 359 3432 ΙΙ
381 3367 413 3416 14
430 3362 522 3417 θείων
542 3360 699 3429 Remmius,
718 3360 752 3415 of
768 3361 867 3415 Nauck
887 3360 924 3414 ad
942 3361 999 3416 vit
1013 3361 1095 3432 Pyth

75 3451 103 3501 p.
124 3437 169 3500 89,
190 3439 231 3487 14.
274 3433 416 3488 Plutarch
440 3433 516 3487 Plau.
536 3432 549 3485 I
572 3431 699 3486 Prooem.
724 3434 778 3500 (ap.
802 3431 893 3498 Diels,
917 3430 1095 3558 Doxograph.

75 3477 237 3632 effa?
246 3505 310 3631 χΙθ
329 3500 491 3575 ἀνθρώπων
506 3520 540 3558 ex
554 3504 719 3573 apographo
734 3500 843 3558 Gizensi
856 3503 881 3556 K
895 3504 904 3572 ΙΙ
919 3508 952 3558 18
972 3500 1020 3558 ἐπὶ
1034 3503 1096 3559 τού-
