2430 3848
145 165 188 229 66
552 163 743 218 IAMBLICHI

145 330 304 411 κοσμίως,
334 327 465 403 τούτοις
492 327 607 410 μόνοις
633 328 807 411 προσήκει,
835 337 905 404 τοῖς
932 328 1072 412 μάλιστα
1093 337 1162 394 ’τοῦ

147 434 298 517 σώματος
325 432 529 518 ὀλιγωροῦσί
554 456 589 498 τε
615 431 671 498 καλ
700 432 737 498 έν
765 437 951 522 φιλοσοφίᾳ
982 438 1091 513 ζῶσιν.
1132 437 1164 500 εί

145 541 209 626 γὰρ
233 537 359 617 ἐθέλεις
383 539 542 623 έννοὴσαι
569 541 630 622 τήν
653 563 691 623 γε
718 550 786 605 τῶν
809 541 920 606 ἀλλων
943 540 1103 626 ἀνδρείαν
1125 566 1162 607 τε

145 645 201 713 καὶ
224 646 467 732 σωφροσύνην,
494 644 583 723 δόξει
607 663 660 710 σοι
684 640 770 711 εἶναι
794 648 924 724 ἀτοπος.
971 642 1074 713 οἶσθα
1097 649 1160 734 γὰρ
1176 675 1200 717 τι

120 755 256 838 τδὴπον
280 754 331 819 ότι
354 754 413 818 τὸν
431 751 583 817 θύνατον
601 751 762 834 ἡγοῦνται
780 755 901 830 πάντες
923 754 959 818 οί
979 754 1074 819 ἀλλοι
1093 764 1161 820 τῶν

146 861 298 946 μεγάλων
320 869 441 925 κακῶν.
484 860 608 924 οὐκοῦν
631 861 727 946 φόβφ
751 862 913 944 μειζόνων
932 858 1161 944 ὑπομένουσιν

142 967 257 1034 ,αὐτῶν
281 967 316 1032 οί
336 966 485 1051 ἀνδρεῖοι
507 968 567 1032 τὸν
587 965 749 1049 θάνατον,
774 965 855 1032 όταν
873 964 1074 1052 ὑπομένωσι.
1115 974 1161 1055 τῷ

148 1072 294 1138 δεδιέναι
321 1074 385 1158 ἀρα
412 1069 467 1138 καλ
500 1070 567 1138 δέει
595 1063 748 1157 ἀνδρεῖοί
777 1074 840 1138 είσι
867 1067 987 1151 πάντες
1013 1074 1101 1157 πλὴν
1129 1075 1165 1138 οί

147 1183 338 1265 φιλόσοφοι.
383 1182 491 1245 καίτοι
523 1180 647 1262 ἄλογόν
681 1202 719 1262 γε
756 1177 824 1245 δέει
859 1181 935 1245 τινὰ
966 1177 1021 1246 καλ
1054 1180 1163 1266 δειλίᾳ

106 1307 132 1350 10
147 1288 304 1373 ἀνδρείου
332 1280 426 1351 εἶναι.
471 1287 506 1349 τί
531 1282 568 1350 δέ
592 1285 626 1350 οί
650 1287 783 1370 κόσμιοι
812 1286 937 1366 αὐτῶν;
970 1287 1011 1352 ού
1039 1286 1163 1351 ταύτὸν

146 1394 253 1480 τούτφ
278 1395 503 1470 πεπόνθασιν;
528 1390 688 1479 ἀκολασίᾳ
710 1389 778 1457 τινὶ
797 1391 970 1478 σώφρονές
989 1393 1067 1471 τίσις
1091 1396 1163 1456 καί·

146 1523 200 1565 τοι
223 1496 333 1583 φαμέν
356 1521 394 1581 με
417 1497 585 1562 ἀδύνατον
609 1491 705 1580 εἶναι,
732 1493 804 1563 ἀλλ’
832 1499 919 1584 ὅμως
943 1499 1056 1575 αὐτοῖς
1080 1515 1163 1583 σνμ·

147 1609 257 1690 βαίνει
283 1606 389 1692 τούτφ
418 1603 536 1688 ὅμοιον
566 1603 603 1668 τὸ
636 1605 746 1680 πόθος
776 1608 813 1670 τὸ
841 1603 916 1691 περὶ
946 1606 1071 1688 ταύτην
1099 1606 1162 1689 τὴν
1176 1631 1207 1672 ια

148 1714 254 1797 εύὴθη
284 1712 523 1796 σωφροσύνην·
555 1712 763 1796 φοβούμενοι
789 1713 853 1797 νδιρ
882 1709 1003 1797 ἑτέρων
1027 1711 1163 1794 ἡδονῶν

108 1839 133 1879 ιι
148 1825 353 1903 στερηθῆναι
383 1815 439 1882 καὶ
472 1816 713 1902 ἐπιθυμοῦντες
749 1816 903 1900 ἐκείνων,
941 1819 1052 1883 ἀλλων
1084 1817 1162 1883 ἀπέ-

147 1948 262 2010 χονται
296 1921 352 1988 ὑπ’
388 1925 498 1988 ἀλλων
530 1925 759 2009 κρατούμενοι.
808 1925 915 1989 καίτοι
947 1925 1091 1989 καλοῦσί
1123 1948 1163 2008 με

148 2032 330 2097 ἀκολασίαν
357 2030 395 2093 τὸ
423 2029 488 2094 ὑπὸ
516 2039 583 2094 τῶν
605 2030 740 2113 ἡδονῶν
768 2031 945 2116 ἀρχεσθαι·
971 2027 1045 2095 ἀλλ’
1073 2031 1164 2114 ὅμως

147 2137 325 2221 συμβαίνει
358 2133 471 2211 αὐτοῖς
501 2133 740 2221 κρατουμένοις
771 2133 830 2219 ὑφ’
861 2136 996 2218 ἡδονῶν
1027 2149 1163 2221 κρατεῖν

148 2245 259 2307 ἀλλων
295 2241 437 2324 ἡδονῶν.
490 2251 589 2308 τοῦτο
627 2240 656 2306 δ’
694 2243 811 2326 ὅμοιόν
848 2242 938 2308 ἐστιν
971 2243 988 2308 ὃ
1021 2252 1086 2308 νῦν
1119 2245 1163 2329 δὴ

108 2369 135 2410 το
149 2351 281 2433 ἔλεγον,
310 2349 435 2434 τρόπον
462 2351 538 2415 τινὰ
565 2347 609 2414 δι’
637 2349 818 2415 ἀκολασίαν
842 2350 963 2427 αὐτοὺς
990 2366 1163 2436 σεσωφρο-

148 2460 274 2523 νίσθαι.
321 2455 362 2521 οὐ
390 2458 508 2522 τοίνυν
536 2457 619 2540 αὕτη
648 2453 738 2523 ἐστὶν
765 2456 785 2539 ἡ
814 2456 903 2542 ὀρθὴ
930 2457 1013 2543 πρὸς
1040 2455 1163 2541 ἀρετὴν

149 2564 289 2647 ἀλλαγὴ,
318 2562 442 2645 ἡδὸνδις
471 2565 553 2647 πρὸς
580 2563 704 2646 ἡδονὰς
731 2561 787 2627 καὶ
814 2564 920 2640 λύπας
945 2564 1029 2649 πρὸς
1055 2562 1163 2639 λύπας

148 2668 203 2734 καὶ
235 2670 345 2753 φόβον
372 2671 455 2755 πρὸς
487 2673 597 2754 φόβον
624 2670 920 2754 καταλλάττεσθαι,
952 2672 1050 2754 μείζω
1078 2669 1163 2754 πρὸς

149 2775 286 2860 ἐλύττω,
317 2776 427 2862 ὥσπερ
457 2780 658 2861 νομίσματα,
692 2771 764 2841 ἀλλ’
794 2767 816 2861 ᾗ
846 2775 953 2842 ἐκεῖνο
985 2778 1092 2859 μόνον
1124 2776 1162 2839 τὸ
1177 2799 1202 2840 τι

109 2901 135 2942 25
148 2886 294 2968 νόμισμα
318 2883 442 2969 ὀρθόν,
473 2880 548 2949 ἀντὶ
578 2877 619 2947 οὗ
648 2883 701 2946 δεῖ
725 2882 832 2947 πάντα
859 2890 962 2947 ταῦτα
984 2882 1175 2947 καταλλάτ-.

148 2994 282 3072 τεσθαι,
316 2992 495 3075 φρόνησις,
527 2986 584 3054 καλ
613 2987 735 3053 τούτου
767 2984 828 3071 μέν
855 2988 962 3053 πύντα
993 2985 1049 3053 καλ
1082 2990 1165 3072 μετὰ

149 3097 272 3161 τούτου
296 3095 471 3180 ὠνούμενύ
493 3118 529 3159 τε
551 3091 606 3160 καλ
628 3096 878 3180 πιπρασκόμενα
901 3102 946 3182 τῷ
966 3096 1038 3160 ὄντι
1061 3085 1083 3180 ᾖ
1106 3093 1164 3159 καὶ

150 3203 288 3289 ἀνδρεία
306 3200 361 3267 καὶ
379 3202 583 3286 σωφροσύνη
602 3199 658 3267 καὶ
678 3200 873 3284 δικαιοσύνη
893 3198 948 3265 καὶ
967 3202 1163 3285 σνλλὴβδην

149 3310 280 3394 ἀληθὴς
310 3307 409 3393 ἀρετὴ
441 3309 521 3391 μετὰ
555 3310 763 3394 φρονήσεως,
798 3304 854 3372 καλ
886 3305 1163 3392 προσγινομένων
1178 3330 1207 3372 ιε

220 3455 253 3502 11
270 3445 325 3503 εἶσι
339 3447 401 3518 (sie)
415 3465 466 3517 pr„
486 3464 554 3503 corr.
570 3444 645 3503 εἶναι
657 3450 667 3517 11
682 3453 715 3502 19
730 3444 833 3516 ἄλλων]
854 3445 892 3501 sio
907 3449 916 3517 ἡ
930 3447 993 3504 fort.
1012 3445 1112 3519 τούτῳ,
1132 3450 1164 3502 at

129 3534 265 3610 efsPnbi
275 3526 367 3608 μ’νίν
377 3531 416 3608 δή
427 3533 552 3610 ἐλέγετο,
567 3538 605 3613 τῷ
616 3540 674 3594 κτλ.
685 3539 700 3608 ἡ
710 3542 746 3592 λδ
761 3530 848 3606 ἐλεηλν
863 3536 926 3604 W*
938 3539 968 3590 τε
978 3541 1011 3589 ⁸2⁵<
1026 3526 1088 3606 ffi
1097 3536 1127 3588 et
1136 3533 1163 3603 ἡ.
