2430 3848
500 169 716 227 PRAEFATIO.
1078 172 1117 226 XI

107 325 260 381 Aeschines
288 327 338 381 alii
366 329 400 399 (v.
425 328 522 398 Steph.
546 329 629 384 Thes.
649 347 670 387 s.
690 349 715 384 v.
740 325 894 399 ἅνθρωπος
916 349 943 400 p.
965 335 1016 384 735
1030 331 1065 400 Β)
1090 326 1120 398 ἐξ

108 411 272 484 ἀνθρώπων
299 416 430 471 dixerunt
457 415 508 480 τὰς
530 418 657 488 γραφάς,
680 415 731 480 τὰς
753 416 874 488 πληγάς,
901 416 936 473 τὰ
959 415 1123 490 πράγματα,

106 501 159 572 τὴν
179 500 374 575 εὐδαιμονίαν,
393 504 425 560 τὸ
445 503 545 569 κάλλος
564 504 624 578 (τὸν
644 504 673 572 ἐξ
688 501 852 574 ἀνθρώπων
866 512 988 562 πλοῦτον
1001 508 1117 578 Dionys.

105 592 170 648 Hal.
190 595 223 649 A.
242 595 275 648 R.
294 594 424 664 Excerpt.
447 594 466 648 l.
486 595 552 662 XII,
568 600 582 648 1
606 613 633 665 p.
651 594 882 664 173,10Kiessl.
902 600 967 664 686,
982 601 1016 650 22
1031 596 1120 663 Ρσοο;

107 699 162 751 quo
187 681 222 736 de
241 701 267 736 v.
287 681 387 750 Cobet,
411 682 478 738 Obs.
502 684 538 738 ad
556 683 638 739 Dion.
657 683 720 739 Hal.
740 703 767 755 p.
785 687 843 753 13),
869 685 913 739 ita
934 685 1027 739 nullus
1045 702 1119 740 nune

107 768 206 824 dubito
234 770 301 838 quin
325 771 470 842 scripserit
493 771 659 828 Aristoteles
686 769 739 842 τὴν
768 769 798 840 ἐξ
825 769 989 842 uictoriam
1018 771 1123 828 οὐσίαν

107 859 232 927 (divitias
254 860 394 914 homiaem
414 862 524 916 modam
542 863 714 932 accedentes).
753 863 808 918 Sed
826 861 851 917 si
868 863 938 932 ipsis
957 861 1119 918 Aristotelis

107 945 187 1001 libris
207 946 376 1002 adhaeserat
393 948 674 1017 interpretamentum
694 951 835 1020 μεγίστην,
855 967 911 1005 non
929 949 953 1003 is
972 953 1033 1005 erat
1046 950 1122 1006 Iam·

105 1035 215 1092 blichus
233 1035 282 1103 qui
299 1036 429 1106 putidum
448 1036 588 1092 emblema
607 1038 765 1107 detegeret:
785 1040 860 1094 certe
879 1039 955 1094 idem
972 1042 1122 1095 sexcentae

106 1123 234 1179 codicum
248 1123 453 1193 platonicorum
468 1128 613 1196 corruptas
628 1127 781 1196 scripturas
793 1128 906 1196 integra
918 1128 974 1182 fide
988 1128 1121 1184 servavit.

105 1212 137 1266 In
155 1212 311 1268 Iamblicho
333 1213 422 1284 igitur
444 1213 622 1269 retinendum
645 1214 763 1271 fortasse
781 1218 927 1286 μεγίστην,
948 1217 997 1270 sed
1016 1212 1068 1271 ἆτ’
1089 1217 1119 1272 in

105 1297 135 1371 ἐξ
158 1301 257 1370 utique
279 1303 419 1356 mutatum
443 1303 588 1372 oportuit’.
608 1303 707 1359 Vitelli
730 1306 739 1376 l
761 1321 789 1373 p.
804 1307 853 1372 46,
867 1309 901 1358 21
925 1305 976 1358 τοῦ
1000 1309 1118 1373 φρονεῖν

105 1388 205 1445 abesse
223 1389 321 1444 malim
338 1392 348 1460 l
365 1408 393 1460 p.
408 1395 452 1459 46,
467 1395 500 1445 19
520 1392 607 1446 verba
625 1391 673 1446 acl
692 1389 724 1446 τὸ
743 1394 829 1462 δῆλον
849 1394 878 1446 et
896 1399 930 1448 20
949 1393 998 1447 καὶ
1016 1389 1047 1447 τὸ
1068 1410 1118 1447 σα-

105 1477 159 1547 φὲς
177 1477 255 1533 delet
271 1479 345 1533 Rosa
358 1482 368 1548 η
381 1497 408 1549 p.
419 1485 463 1548 47,
474 1484 508 1533 14
526 1481 586 1542 πῶς
601 1479 690 1534 voluit
704 1481 734 1536 et
747 1480 773 1534 A
787 1481 815 1535 in
831 1480 953 1551 Castigg.
968 1483 977 1549 ΙΙ
991 1500 1018 1550 p.
1029 1486 1072 1549 47,
1083 1486 1117 1535 21

104 1565 177 1622 notri
197 1587 232 1623 τι.
250 1568 292 1630 τίς
310 1562 347 1623 ἂν
367 1585 419 1624 scr.
438 1569 486 1637 ΚΙΙ
499 1588 526 1639 p.
542 1575 585 1637 48,
600 1574 617 1623 4
635 1571 667 1623 ia
689 1568 843 1639 Tyrrhenia
861 1572 947 1626 vertit
966 1569 1121 1625 Scutellins

105 1659 144 1726 (p.
159 1657 203 1724 34)
227 1658 237 1726 l
259 1675 286 1725 p.
302 1661 380 1725 48,7
408 1673 516 1712 memor
544 1658 606 1711 erat
628 1656 729 1712 Vitelli
756 1657 812 1713 loci
831 1658 972 1713 Platonici
995 1659 1031 1712 ab
1054 1659 1122 1727 ipsc

103 1744 260 1800 Iamblicho
279 1748 316 1814 (p.
326 1751 369 1814 68,
378 1747 404 1816 7)
422 1744 557 1814 descripti
570 1746 579 1814 ll
592 1763 620 1814 p.
631 1752 674 1812 48,
685 1751 719 1799 26
733 1743 783 1799 τὸν
801 1743 874 1800 κατὰ
889 1748 960 1801 νοῦν
975 1748 1037 1817 βίον
1053 1747 1118 1801 scri·

104 1834 228 1889 bendum
248 1833 367 1903 videtur,
387 1835 422 1891 cl.
439 1852 467 1904 p.
483 1840 508 1903 4,
523 1840 548 1888 2.
564 1839 605 1889 19.
626 1839 669 1902 66,
686 1841 717 1888 13
738 1833 774 1889 al.
789 1836 798 1905 ΙΙ
811 1852 838 1903 p.
853 1839 896 1903 49,
913 1839 945 1888 16
966 1835 1118 1905 interpola-

104 1924 166 1976 tum
185 1939 245 1978 esse
264 1917 307 1978 ὅτι
327 1925 356 1978 et
373 1940 417 1978 res
435 1923 498 1993 ipsa
516 1923 600 1978 docet
613 1925 642 1977 et
655 1922 755 1978 similis
769 1924 847 1978 locus
862 1921 979 1978 Aristot.
995 1923 1030 1977 de
1044 1925 1120 1993 part.

104 2011 188 2067 anim.
212 2010 238 2064 A
253 2017 276 2067 1.
297 2009 377 2077 639¹),
395 2017 427 2067 18
442 2029 482 2080 sq.
519 2011 660 2066 Nimirum
690 2007 866 2068 ἀποδίδωσιν
893 2009 908 2066 ὁ
937 2009 989 2082 τὴν
1016 2011 1120 2081 τέχνην

106 2098 179 2170 ἔχων
197 2099 282 2169 λόγον
301 2096 342 2155 δι’
362 2093 397 2157 ὃν
412 2099 517 2171 γράφει
531 2101 580 2156 καὶ
596 2093 629 2156 οὗ
646 2099 740 2171 ἕνεκα,
759 2102 808 2156 sed
821 2102 935 2172 ignorat
948 2102 1024 2156 idem
1039 2098 1116 2156 καθὸ

103 2190 230 2258 τεχνίτης
253 2204 325 2257 quae
350 2189 386 2243 ad
406 2188 608 2258 philosophum
627 2189 783 2258 pertinent,
808 2188 908 2243 melius
927 2206 987 2243 esse
1009 2187 1119 2243 scillcet

102 2273 135 2333 τὸ
159 2269 193 2333 οὗ
218 2276 303 2332 ἕνεκα
326 2294 412 2346 quam
435 2273 467 2332 τὸ
491 2273 540 2331 διὰ
563 2277 646 2332 τοῦτο
665 2273 843 2347 γιγνόμενον.
882 2275 1013 2332 Ceterum
1032 2277 1117 2346 paulo

105 2367 171 2421 ante
197 2365 374 2421 scribendum
398 2361 413 2420 ὁ
437 2362 489 2434 τὴν
507 2361 651 2435 γραφικὴν
670 2363 741 2433 ἔχων
760 2364 805 2418 vel
824 2360 839 2418 ὁ
858 2361 911 2433 τὴν
930 2362 1121 2434 (γραφικὴν)

103 2451 205 2525 τέχνην
228 2452 299 2524 ἔχων
323 2453 369 2525 (cf.
388 2473 415 2524 p.
431 2460 478 2522 60,
498 2455 581 2523 Vsq.)
605 2453 800 2523 suspicabatur
821 2451 922 2507 Vitelli
944 2454 953 2521 ΙΙ
976 2471 1002 2521 p.
1020 2457 1117 2515 61,13

105 2538 254 2612 ἐρώτησιν·
273 2544 292 2600 l.
312 2539 457 2614 ἐρώτησιν,
470 2546 480 2612 fl
493 2562 521 2613 p.
535 2547 577 2611 61,
593 2547 627 2599 22
645 2539 741 2612 ψυχὴν
760 2541 778 2598 l.
793 2538 888 2611 ψυχήν
903 2543 913 2611 ΙΙ
926 2560 953 2610 p.
965 2547 1035 2608 62,3
1054 2542 1120 2609 post

102 2631 181 2694 τέλος
200 2631 272 2688 adde
291 2647 401 2687 comma
418 2634 428 2700 fl
445 2650 473 2702 p.
489 2637 532 2700 62,
549 2638 563 2688 7
583 2632 646 2686 adn.
671 2631 831 2687 coniectura
848 2631 887 2703 τῷ
906 2629 1050 2699 Scaligero
1070 2631 1117 2685 de·

103 2720 187 2774 betur
199 2722 209 2792 l
222 2739 249 2790 p.
260 2725 302 2790 63,
313 2727 347 2776 23
363 2722 425 2775 adn
446 2719 577 2775 similiter
596 2715 724 2775 ἐπιδώσω
738 2737 790 2789 pro
810 2714 939 2787 ἐπιθήσω
958 2718 1041 2772 scribi
1056 2718 1118 2773 vult

102 2809 203 2864 Nauck
223 2809 253 2864 iu
271 2825 353 2866 versu
367 2809 463 2864 Iliadis
480 2813 510 2863 Ψ
524 2815 575 2865 796
589 2809 598 2878 ΙΙ
612 2827 638 2877 p.
650 2814 694 2876 63,
704 2814 739 2862 24
758 2801 886 2878 ἕίοίμε3’
903 2801 938 2860 ἂν
960 2806 1078 2860 debetur
1091 2804 1116 2858 A

102 2897 133 2951 in
152 2896 275 2969 Castigg.
298 2901 308 2969 ΙΙ
330 2916 356 2967 p.
374 2904 446 2966 66,1
471 2914 507 2952 nc
531 2895 567 2966 δὴ
591 2896 714 2952 conicias
733 2897 768 2950 cl.
787 2894 902 2962 Bonita,
924 2895 1011 2948 Index
1031 2893 1116 2949 Arist.

100 3005 128 3056 p.
145 2991 224 3055 167⁸,
240 2992 273 3041 16
288 3004 349 3056 sqq.
376 2988 386 3056 ΙΙ
413 3005 440 3056 p.
457 2992 504 3053 66,
523 2990 539 3039 7
555 3003 616 3054 sqq.
642 2986 676 3041 ct.
700 2984 778 3039 Diels
802 3001 847 3053 op.
871 2983 918 3038 cit.
937 3003 965 3053 p.
979 2989 1032 3039 492
1048 3000 1088 3051 sq.
1107 2982 1117 3055 ll

100 3091 128 3143 p.
144 3079 187 3141 66,
204 3080 237 3129 18
255 3072 374 3144 τρώττει
387 3074 480 3131 voluit
494 3076 523 3128 et
537 3073 663 3144 Scaliger
676 3075 750 3144 (erat
764 3073 794 3126 in
807 3075 831 3127 A
850 3069 995 3142 πράττειν)
1011 3073 1020 3141 l
1034 3090 1062 3141 p.
1074 3076 1116 3139 66,

100 3167 182 3232 18sq.
193 3160 366 3235 preceperas
375 3163 425 3218 καὶ
436 3160 604 3236 ἀποβλέπων
615 3165 650 3218 ds
662 3161 868 3218 alteraVitellii
880 3163 1040 3216 coniectura
1050 3160 1117 3215 scri·

99 3248 224 3306 bendum
247 3253 323 3322 erat,
349 3252 382 3306 cl.
402 3250 501 3307 Iambl.
520 3251 570 3306 lib.
584 3250 624 3304 III
642 3268 668 3319 p.
685 3255 745 3317 224,
760 3254 795 3304 24
813 3249 924 3304 Villois.
948 3247 1018 3318 πρὸς
1042 3242 1119 3318 ἅπερ

99 3333 273 3413 ἀποβλέπων
290 3360 333 3402 τις
350 3340 400 3395 καὶ
418 3336 590 3410 μιμούμενος
603 3340 612 3408 ΙΙ
626 3357 652 3408 p.
669 3344 712 3407 66,
727 3343 744 3393 8
762 3339 826 3407 lege
844 3329 915 3406 ἦμεν
935 3338 964 3391 et
983 3336 1048 3390 dele
1068 3335 1117 3390 ad-

98 3428 274 3485 notationem
297 3431 306 3499 ΙΙ
328 3447 355 3499 p.
371 3433 418 3498 69,
436 3435 468 3485 14
494 3445 563 3482 num
590 3427 741 3482 delendum
769 3422 843 3481 ciat?
865 3428 875 3497 11
896 3443 923 3495 p.
939 3430 986 3489 60,
1004 3430 1035 3478 12
1053 3425 1118 3479 adn.

99 3513 299 3574 atticissabas
322 3517 341 3572 l.
365 3514 535 3574 αἰσθάνοιτο
553 3519 563 3587 ΙΙ
580 3536 607 3587 p.
623 3522 666 3585 61,
681 3520 697 3570 6
713 3515 778 3570 adn.
797 3513 907 3569 scilicet
926 3515 956 3568 et
972 3513 1024 3568 hic
1042 3515 1078 3566 et
1088 3512 1130 3562 'nx
