2430 3848
344 222 349 230 .
391 185 667 244 PROTREPTICUS
686 189 720 257 (ι.
735 188 780 257 v).
1051 187 1094 253 35

75 349 248 434 ὑποβάλλη
272 350 309 415 τὸ
334 347 508 434 συμφέρον
531 348 710 436 καὶταύτῃ
733 351 863 434 ἡγῆται,
887 345 959 416 ἀλλ’
982 349 1097 416 ἕπεταί

30 477 61 517 Κ.
76 480 115 539 γε
138 458 274 533 ταύταις
296 454 351 521 καὶ
379 458 487 521 δεῖταί
511 481 549 540 γε
576 455 631 522 καὶ
659 467 721 522 τοῦ
745 459 1006 540 διακονησουτος
1030 458 1093 523 σώ-

76 587 179 649 ματος
207 560 263 628 καί
291 563 540 646 ἀναπίμπλαταί
563 561 679 646 γεκαὶ
709 574 767 648 της
793 564 909 648 τύχης,
936 561 1020 650 ὑπὲρ
1045 560 1093 631 ὧν

33 689 60 730 A.
76 670 264 736 ἀποδίδωσι
294 673 351 747 τάς
383 668 517 756 πράξεις
550 665 598 736 ὧν
625 670 643 736 ὁ
671 679 753 748 νοῦς
784 673 914 756 κύριος,
947 669 1003 736 καὶ
1037 673 1092 736 διὰ

75 778 229 861 σώματος
249 777 287 842 αί
302 780 428 842 πολλαί,
467 778 551 841 ὥστε
573 789 641 842 τῶν
660 778 868 861 διανοήσεων
887 779 925 843 αί
941 774 988 843 δι’
1011 777 1120 844 αύτδο

75 884 177 962 ψιλὸν
209 884 246 948 τὸ
280 891 423 969 θεωρεῖν
457 881 582 967 αίρεταλ
614 886 803 972 τιμιώτεροι
835 883 891 950 καὶ
923 888 1093 971 κρείττους

74 1001 143 1054 τῶν
174 991 258 1075 πρὸς
294 990 377 1055 ἀλλα
409 992 596 1075 χρησίμων·
635 988 679 1054 δι’
716 991 817 1068 αὑτάς
854 987 891 1056 δὲ
923 997 1025 1075 τίμιοι
1059 993 1097 1056 αί

75 1099 218 1183 θεωρίαι
242 1094 298 1161 καλ
321 1097 434 1182 αἱρετὴ
458 1095 495 1160 έν
517 1097 652 1174 ταύταις
674 1107 735 1163 τοῦ
758 1107 822 1162 νοῦ
844 1096 865 1181 ἡ
890 1102 1009 1182 σοφία,
1038 1099 1093 1163 διά

76 1200 113 1268 δέ
133 1204 277 1289 ’τράξεις
304 1204 342 1268 αλ
370 1204 453 1268 κατά
480 1205 661 1288 φρόνησιν·
695 1205 779 1269 ὥστε
809 1205 846 1269 τὸ
877 1203 1008 1288 ἀγαθὸν
1037 1202 1093 1269 καλ

74 1312 185 1392 τίμιον
209 1309 247 1375 ἐν
269 1320 341 1386 ταῖς
362 1311 446 1374 κατὰ
469 1313 593 1393 σοφίαν
616 1313 786 1398 θεωρίαις,
811 1313 971 1395 θεωρίαις
994 1306 1031 1375 δὲ
1050 1309 1092 1375 οὐ
1109 1329 1135 1368 10

76 1418 185 1500 δήπου
217 1418 318 1483 τάλιν
349 1428 421 1493 ταῖς
453 1417 644 1501 τυχούσαις·
683 1417 723 1483 ού
760 1418 824 1503 γάρ
861 1427 950 1482 πᾶσα
983 1416 1094 1494 ἁπλῶς

75 1523 256 1608 κατάληψις
283 1526 408 1609 τίμιον,
437 1520 509 1587 ἀλλ’
535 1523 556 1606 ἡ
584 1533 645 1588 τοῦ
673 1525 835 1609 ἀρχοντος
862 1534 973 1609 σοφοῦ
996 1526 1094 1602 ὄντος

75 1628 130 1695 καλ
152 1639 210 1714 τῆς
233 1629 270 1695 ἐν
292 1638 337 1717 τῷ
362 1627 460 1694 ταυτὶ
484 1628 595 1714 ἀρχῆς,
623 1629 707 1713 αὕτη
730 1628 785 1694 καλ
809 1634 913 1716 σοφίηι
937 1632 1093 1708 σύνοικος

74 1734 129 1800 καλ
162 1739 291 1814 οἰκείως
323 1735 365 1801 ἀν
397 1734 581 1801 ὑκοκέοιτο.
628 1737 817 1819 αἰσθήσεως
850 1733 911 1819 μὲν
945 1731 1007 1800 οὖν
1035 1736 1091 1801 καλ

75 1852 138 1909 νοῦ
170 1842 367 1929 ἀφαιρεθεὶς
401 1844 581 1928 ἀνθρωττος
614 1850 708 1931 φυτῷ
742 1845 890 1924 γίγνεται
922 1845 1092 1927 καρατλη-
1108 1860 1133 1900 1⁵

76 1965 161 2032 σιος,
199 1959 262 2015 νοῦ
296 1946 333 2015 δὲ
364 1953 471 2034 μύνου
505 1947 720 2036 ἀφῃρημένος
752 1948 983 2032 έκθηριούται,
1018 1948 1093 2014 ἀλο-

28 2059 149 2138 ιΚγίας
182 2052 219 2121 δέ
253 2054 448 2141 ἀφαιρεθεὶς
481 2054 592 2140 μένων
624 2054 653 2121 δ’
692 2055 728 2121 ἐν
760 2064 805 2144 τῷ
838 2064 886 2144 νῷ
920 2055 1093 2139 ὁμοιοῦται

74 2169 153 2251 θεῷ.
198 2161 423 2249 καταργητέον
456 2157 518 2227 οὖν
551 2163 598 2239 είς
626 2164 771 2245 δύναμιν
799 2170 857 2244 τῆς
884 2161 1021 2247 ἀλογίας
1053 2165 1093 2229 τά

74 2270 184 2353 τιάθη,
216 2280 288 2346 ταῖς
317 2265 354 2334 δέ
381 2279 442 2334 τοῦ
469 2277 533 2334 νοῦ
559 2275 726 2353 καθαραῖς
755 2268 935 2353 ἐνεργείαις
962 2268 1018 2335 καὶ
1046 2273 1093 2348 είς

75 2372 194 2440 ἑαυτὸν
222 2372 277 2440 καλ
303 2377 341 2440 τὸ
371 2383 470 2440 θείου
499 2374 692 2460 ἀφορώσαις
724 2372 902 2458 χρηστέον,
934 2374 990 2441 καὶ
1021 2387 1093 2453 ταῖς
1107 2393 1134 2432 20

76 2481 239 2559 διεξόδοις
255 2491 316 2546 τοῦ
330 2490 394 2547 νοῦ
409 2485 467 2564 ζῆν
485 2478 691 2565 μελετητέον,
710 2488 777 2544 τιάν
795 2480 832 2544 τὸ
852 2489 909 2563 τῆς
927 2490 1093 2567 προσοχῆς

28 2588 164 2672 λλδμμα
188 2584 325 2653 καὶτὸν
348 2590 454 2672 ἔρωτα
473 2587 556 2670 πρὸς
579 2595 699 2651 τοῦτον
723 2585 927 2664 συνάψαντα.
970 2586 1011 2652 οὐ
1029 2589 1092 2675 γάρ

76 2695 114 2779 δὴ
137 2697 179 2759 τά
202 2692 277 2778 περὶ
295 2696 355 2759 τὸν
373 2695 457 2759 θεὸν
477 2692 533 2758 καὶ
555 2694 595 2758 τά
615 2699 693 2758 θεία
711 2691 902 2778 θεωρητέον
924 2703 991 2757 τῶν
1010 2695 1092 2779 κρά-

75 2798 156 2878 ξεωυ
181 2800 287 2866 ἕνεκα.
333 2801 374 2866 οὐ
397 2801 461 2885 γάρ
486 2816 569 2885 φασι
587 2801 728 2884 θεμιτὸν
752 2793 839 2863 εἶναι
860 2801 1009 2882 χραίνειν
1027 2800 1090 2883 την

74 2906 159 2973 θέαν
187 2916 248 2972 τοῦ
277 2909 375 2972 θείου
407 2907 722 2990 καταδουλούμενον
754 2913 799 2992 τῷ
833 2914 893 2970 τοῦ
925 2907 1091 2990 χρησίμου
1105 2922 1131 2963 25

76 3013 269 3099 ἀνθρώποις
292 3014 476 3101 ἀναγκαίῳ,
506 3007 579 3078 οὐδ’
607 3013 691 3090 ὅλως
714 3013 773 3077 τὸν
796 3021 880 3077 νοῦν
904 3011 1091 3079 ἀσταστέον

76 3121 129 3186 διά
142 3122 203 3197 τὰς
216 3124 327 3206 χρείας
340 3141 413 3182 *ιι*
427 3120 522 3197 εἰκὼς
539 3121 621 3205 πρὸς
636 3120 757 3195 ταύτας
777 3115 894 3205 (μόνος
913 3119 954 3202 δὴ
974 3129 1091 3183 πασῶν

164 3353 189 3404 1.
204 3353 222 3403 4
240 3367 296 3405 non
314 3349 451 3417 intellego
466 3351 505 3419 {15
524 3343 594 3401 αύτδ
610 3346 648 3401 Αι
668 3341 738 3400 αὑτὸ
753 3347 793 3413 ΙΙ8
812 3341 908 3413 οιίρετὴ
923 3344 959 3399 A:
980 3339 1066 3414 ἀρετὴ
1081 3347 1093 3413 [Ι

77 3423 107 3473 22
122 3421 207 3475 τοῦτο
222 3417 247 3472 Α
260 3424 270 3490 ΙΙ
284 3427 317 3476 27
331 3421 461 3475 lacunam
476 3418 600 3490 signavit
612 3417 720 3484 Vitelli,
733 3415 786 3485 qui
797 3411 889 3490 (οὔδε
904 3413 1112 3480 mmmm}

77 3489 135 3564 εἰκῇ
151 3492 296 3547 tentabat:
309 3489 360 3546 τὸν
372 3493 444 3547 νοῦν
457 3487 708 3548 κατασπάσασθαι
720 3489 775 3554 τὰς
792 3489 896 3558 χρείας
909 3482 995 3544 ababa
1004 3472 1132 3548 &unffi

72 3560 96 3614 λι.
116 3578 140 3616 ο.
160 3559 243 3624 elude
260 3563 358 3635 codex)
375 3564 497 3637 scripsit
513 3565 541 3622 K
556 3566 567 3639 ΙΙ
582 3564 637 3642 δὴ]
656 3561 735 3640 γάρλ
753 3560 881 3621 mm.

950 3643 991 3696 τὸ*
