2430 3848
115 186 159 251 30
521 184 713 239 ΙΑΜΒοωΗι

114 350 234 425 κάλλος
256 348 276 432 ή
300 349 449 433 χρήματα
473 346 634 432 (τῶνγὰρ
653 350 815 433 χειρόνων
835 348 921 413 οὕτω
943 348 1004 431 τήν
1022 349 1130 431 κρείτ-
1144 366 1180 405 29.

114 479 196 520 τονα
231 455 342 539 ψυχήν
379 452 638 539 καταδεεστέραν
671 453 876 540 ἀποφαίνει).
923 456 981 538 μία
1013 456 1132 519 τοίνυν

115 562 205 625 ἔσται
224 562 299 646 τιμή
319 569 376 643 τῆς
394 568 501 644 ψυχῆς
519 560 540 643 ή
559 560 641 624 κατδι
659 560 718 624 τδν
739 558 846 642 ὀρθὸν
865 561 968 641 λόγον
988 560 1052 642 ζωή
1074 559 1130 625 καὶ
1144 578 1180 617 ⁸0]

113 667 195 732 κατά
213 677 296 733 νοῦν
314 668 478 750 τελειότης
496 675 554 749 τής
572 674 679 749 ψυχῆς
696 663 753 729 καὶ
771 666 809 731 τὸ
834 665 1038 750 ὁμοιοῦσθαι
1061 677 1131 744 τοῖς

86 769 211 840 εοῦσιν
245 774 392 860 ἀρίστοις
423 773 667 858 παραδείγμασι
698 770 753 837 καὶ
787 772 824 837 τὸ
857 783 928 848 τοῖς
956 771 1131 855 ἀμείνοσιν

113 879 253 945 ἕπεσθαι
270 881 310 944 τδι
328 883 475 965 χείρονα,
495 877 556 943 ὅσα
575 876 734 960 γενέσθαι
758 881 878 961 βελτίω
899 879 1050 961 δύναται,
1074 877 1131 944 καὶ

112 987 150 1050 τὸ
178 986 317 1069 φεύγειν
344 982 405 1069 μὲν
432 987 470 1049 τὸ
498 987 616 1067 κακόν,
650 985 799 1068 ίχνεῦσαι
830 980 867 1049 δὲ
895 983 949 1049 καὶ
978 983 1065 1051 ἑλεῖν
1093 987 1130 1051 τὸ

113 1092 246 1157 πόντων
274 1093 427 1178 ἀριστον,
456 1090 512 1157 καὶ
535 1089 653 1156 ἑλόντα
681 1085 724 1155 αὖ
751 1099 848 1175 κοινή
877 1091 1044 1170 ξυνοικεῖν
1070 1094 1130 1157 τὸν

114 1197 286 1263 ἐπίλοιπον
305 1202 391 1282 βίον.
428 1194 584 1264 τοῦτοδὲ
608 1193 708 1263 οὐδέν
730 1199 811 1262 ἀλλο
837 1195 927 1262 ἐστὶν
947 1196 966 1280 ή
987 1199 1131 1275 δεόντως

75 1325 100 1363 10
114 1310 331 1390 φιλοσοφεῖν,
365 1299 441 1369 ὥστ’
478 1303 511 1382 ἐξ
544 1305 689 1380 ἅπαντος
720 1305 847 1387 τρόπου
880 1303 1130 1388 φιλοσοφητέον

112 1421 182 1488 τοῖς
205 1408 423 1494 βουλομένοις
446 1411 668 1493 εὐδαιμονεῖν.

206 1514 331 1593 Τελέως
350 1514 379 1580 δ’
399 1515 440 1579 ἀν
458 1514 513 1580 καὶ
533 1516 639 1592 οὕτως
656 1514 709 1581 ἐπὶ
727 1517 764 1580 τὸ
784 1515 865 1581 αὐτὸ
884 1515 919 1580 ἐκ
938 1515 1131 1602 διαιρέσεως

113 1620 321 1707 ἐπέλθοιμεν.
356 1625 432 1708 τρία
445 1630 540 1706 τριχῇ
554 1630 662 1706 ψυχῆς
680 1621 717 1686 ἐν
735 1622 815 1706 ήμῖν
835 1623 906 1705 είδη
921 1619 1130 1709 κατῴκισται,

112 1729 148 1794 τὸ
169 1725 229 1813 μὲν
249 1719 274 1816 ᾧ
294 1730 504 1812 λογιζόμεθα,
524 1729 562 1792 τὸ
583 1718 660 1816 δὲῷ
678 1729 894 1811 θυμούμεθα,
913 1732 1027 1813 τρίτον
1047 1717 1130 1817 δδῷ

73 1856 98 1896 15
113 1835 352 1919 ἐπιθυμοῦμεν.
384 1834 539 1919 τυγχάνει
555 1831 585 1898 δ’
604 1832 743 1899 ἕκαστον
758 1835 869 1900 αὐτῶν
882 1837 1029 1918 κινήσεις
1043 1838 1130 1919 ἔχον·

112 1944 148 2007 τὸ
177 1940 238 2026 μὲν
266 1936 328 2007 οὖν
356 1940 467 2005 αὐτῶν
495 1938 532 2005 ἐν
560 1939 659 2026 ἀργία
688 1940 806 2024 διάγον
833 1939 889 2006 καὶ
915 1951 983 2007 τῶν
1009 1940 1130 2008 ἑαυτοῦ

111 2050 276 2131 κινήσεων
290 2047 432 2131 ἡσυχίαν
446 2047 529 2129 ἀγον
544 2044 790 2112 ἀσθενέστατον
802 2047 927 2131 ἀνάγκη
939 2051 1129 2131 γίγνεσθαι,

111 2155 149 2218 τὸ
173 2150 210 2217 δὲ
233 2152 270 2218 ἐν
293 2155 490 2236 γυμνασίοις
513 2151 816 2238 ἐρρωμενέστατον·
845 2156 897 2219 διὸ
927 2152 1128 2238 φυλακτέον,

113 2259 202 2335 ὅπως
224 2257 266 2324 ἀν
290 2261 389 2343 ἔχωσι
407 2258 464 2334 τὰς
483 2260 629 2341 κινήσεις
646 2261 729 2343 πρὸς
748 2259 891 2343 ἀλλήλας
910 2257 1129 2344 συμμέτρους.

73 2388 98 2426 ω
113 2367 340 2451 διαφερόντως
371 2361 407 2429 δέ
436 2365 477 2447 δή
506 2366 543 2430 τδ
571 2367 778 2451 κυριώτατον
805 2375 862 2449 τής
890 2374 996 2450 ψυχης
1026 2361 1127 2449 εἶδος,

112 2473 192 2558 ὅπερ
217 2474 360 2557 δαίμονα
380 2471 397 2536 ὁ
416 2472 497 2547 θεὸς
521 2469 644 2558 ἑκάστω
665 2470 789 2536 δέδωκε
809 2469 863 2536 καὶ
883 2471 962 2558 ὅπερ
983 2471 1046 2538 ἀπὸ
1065 2482 1126 2557 γής
1139 2488 1180 2528 ⁸21

110 2579 196 2662 ήμᾰς
219 2585 305 2663 αίρει
331 2578 414 2662 πρὸς
436 2577 497 2659 τήν
522 2576 558 2641 ἐν
582 2577 714 2663 οὐρανῷ
738 2576 932 2661 ξυγγένειαν
956 2579 999 2655 ὡς
1027 2580 1128 2656 ὄντας

112 2686 220 2769 φυτὸν
244 2684 305 2749 οὐκ
329 2686 469 2766 ἔγγειον,
494 2679 565 2746 ἀλλ’
592 2682 764 2768 οὐράνιον,
794 2693 892 2749 τοῦτο
917 2685 958 2767 δή
983 2686 1127 2770 μάλιστα
1141 2701 1180 2741 3οι

112 2790 281 2876 ἀσκητέον.
326 2797 372 2877 τῷ
405 2784 465 2872 μὲν
498 2789 561 2873 γδρ
594 2787 669 2874 περὶ
701 2791 758 2867 τὰς
790 2790 970 2874 ἐπιθυμίας
1001 2790 1022 2874 ή
1050 2789 1127 2878 περὶ

71 2916 97 2956 ιτ
112 2901 316 2980 φιλονεικίας
330 2895 550 2961 ἐσπουδακότι
564 2893 619 2959 καλ
636 2905 739 2961 ταῦτα
754 2899 887 2983 σφόδρα
908 2898 1126 2963 διακονοῦντι

111 3005 218 3070 πάντα
250 3004 290 3067 τὰ
323 3003 470 3086 δόγματα
502 3001 628 3086 ἀνάγκη
660 3005 771 3086 θνητὰ
805 3003 1032 3087 ἐγγεγονέναι,
1069 3002 1126 3069 καὶ

111 3110 299 3177 παντάπασι
313 3110 464 3173 καθόσον
483 3107 622 3190 μάλιστα
638 3109 784 3173 δυνατὸν
798 3113 977 3193 γίγνεσθαι
996 3116 1123 3198 θνητῷ,

110 3217 231 3282 τούτου
251 3210 334 3298 μηδὲ
353 3215 495 3298 σμικρὸν
513 3212 685 3298 ἐλλείπειν,
710 3216 766 3280 ἀτε
789 3217 825 3280 τὸ
850 3224 1005 3281 τοιοῦτον
1024 3215 1124 3300 ηὐξη-

202 3379 242 3430 ιε.
262 3377 396 3442 p.31,19
415 3370 487 3426 Ρῖιι.
508 3371 615 3426 Timae.
634 3390 680 3442 pp.
696 3371 879 3428 σοῦ-νον.

179 3553 197 3598 4
218 3540 347 3622 τελειό’ή
359 3557 394 3606 13
415 3552 445 3607 et
466 3556 502 3609 20
520 3528 589 3625 ψόή
608 3557 642 3606 19
663 3545 768 3620 ἄλληλα
783 3550 819 3605 P.
