2430 3848
409 215 680 272 Ρεοεοευειουε
700 219 734 286 (ε.
750 216 834 286 m).
1064 217 1125 279 117

62 395 89 437 A.
107 398 218 460 μενος.
255 374 324 441 ἐπεὶ
343 379 406 463 γάρ
427 381 633 461 σωματότητι
651 376 706 442 καὶ
727 381 855 466 ζφωδίᾳ
873 377 927 443 καὶ
946 380 986 443 οὐ
1005 382 1127 463 χοίνικι

107 485 251 567 μετρητή
275 481 366 547 ἐστιν
388 482 409 566 ἡ
428 487 546 569 τροφή,
570 485 614 569 μή
633 481 746 570 ήρέμει
767 479 845 567 μηδ’
867 484 1012 570 ἀμύητος
1031 491 1126 570 φιλο-

109 591 231 672 σοφίας
255 587 408 672 διατέλει,
432 584 506 653 ἀλλ’
528 592 574 666 εἰς
596 591 721 673 ταύτην
745 591 868 655 σαυτὸν
893 592 973 668 δοὺς
997 592 1126 657 ἐκείνου

109 700 237 780 μᾶλλον
251 704 400 781 προνοού
413 706 474 761 τοῦ
493 696 530 762 ἐν
548 695 602 762 σοὶ
620 695 883 781 θεοειδεστέρου,
903 699 921 764 ὅ
940 698 1010 763 ἐστι
1026 701 1127 783 ψυχή,

109 800 167 868 καλ
194 805 280 867 πολὺ
302 805 466 888 πρότερον
493 811 554 868 τοῦ
581 803 618 868 ἐν
643 804 746 888 ταύτῃ
769 813 848 887 νοῦ,
878 799 926 868 ὧν
954 805 1062 888 τροφή
1086 804 1154 868 οὐτ

110 912 234 993 χοίνικι
257 909 340 974 ἀλλά
362 911 491 996 θεωρίᾳ
514 907 568 974 καὶ
592 913 737 994 μαθήσει
760 921 933 996 μετρεῖται.

61 1022 98 1078 ιθ
204 1017 249 1081 Τὸ
269 1012 306 1080 δὲ
328 1016 594 1099 γαμψώνυχον
618 1011 740 1099 μηδὲν
763 1018 988 1100 παράτρεφε
1008 1023 1127 1082 Πυθα-

111 1123 334 1207 γορικώτερον
367 1123 603 1204 συμβουλεύει·
636 1123 833 1198 κοινωνικὸς
867 1128 957 1206 λσθι,
991 1124 1128 1206 μεταδο-

56 1248 97 1288 ox.
111 1230 215 1310 τικός,
243 1226 297 1293 καὶ
324 1231 403 1305 τοὺς
430 1229 551 1304 ἀλλους
578 1229 751 1304 τοιούτους
779 1223 865 1293 εἶναι
892 1228 1127 1314 παρασκεύαζε,

113 1337 245 1400 διδόναι
268 1358 300 1398 τι
323 1332 378 1398 καὶ
402 1332 560 1417 δέχεσθαι
583 1333 780 1416 ἀκακοήθως
800 1333 855 1398 καὶ
874 1335 1035 1418 ἀφθόνως
1053 1326 1128 1401 ’ἐθί-
1144 1355 1168 1393 10
1192 1348 1194 1352 '

113 1445 188 1524 ζων,
212 1441 295 1506 ἀλλά
318 1442 362 1524 μή
381 1441 488 1505 πάντα
507 1437 568 1524 μὲν
587 1442 769 1523 λαμβάνειν
788 1440 970 1524 ἀπλήστως,
996 1442 1129 1508 διδόναι

113 1544 150 1612 δὲ
178 1546 291 1631 μηδέν.
337 1547 357 1630 ή
386 1548 448 1632 γάρ
478 1558 545 1627 τῶν
573 1549 808 1631 γαμψωνύχων
836 1549 961 1632 φυσική
995 1551 1128 1635 διοργά-

113 1670 215 1731 υωσις
237 1657 352 1737 λαβεῖν
375 1650 436 1737 μὲν
459 1654 593 1737 τάχιστα
617 1652 671 1718 καὶ
694 1653 818 1740 ῥᾳδίως
838 1656 1128 1739 δεδημιούργηται,

113 1760 248 1843 ἀφεῖναι
272 1755 308 1823 δὲ
331 1759 351 1843 ή
376 1761 578 1843 μεταδοῦναι
602 1758 712 1824 οὐκέτι
736 1760 791 1824 διά
812 1761 873 1842 τήν
892 1762 1048 1825 ἔνστασιν
1072 1761 1129 1843 ἀγ-

112 1868 225 1931 κύλων
247 1868 356 1932 όντων
380 1877 447 1930 τῶν
471 1866 614 1949 ὀνύχων,
639 1865 678 1930 ὃν
700 1869 825 1950 τρόπον
844 1865 899 1932 καὶ
919 1869 955 1930 αλ
970 1868 1130 1953 κρεάγραι
1144 1888 1169 1927 15

113 1975 301 2057 πεφύκασιν
330 1973 533 2038 ἐπισπᾶσθαι
556 1970 617 2056 μὲν
645 1973 795 2056 τάχιστα,
824 1972 961 2058 ἀφιέναι
990 1971 1027 2039 δὲ
1051 1976 1130 2039 δυσ-

114 2091 227 2164 χερῶς,
251 2081 282 2144 εἰ
304 2082 347 2164 μή
371 2104 420 2158 τις
442 2081 506 2166 ἀρα
525 2079 761 2166 ὑπερεπικλίνη
782 2081 882 2158 αύτάς
901 2078 1129 2168 ἀναστρέφων.

113 2193 412 2271 προσαρτηθεισῶυ
437 2188 477 2269 δή
501 2185 581 2270 ήμϊν
599 2185 664 2250 ὑπὸ
686 2195 743 2269 τής
760 2188 893 2270 φύσεως
911 2199 978 2253 τῶν
997 2200 1129 2274 χειρῶν,

114 2293 170 2357 ἵνα
198 2291 243 2356 δι’
274 2293 385 2358 αὐτῶν
418 2292 565 2376 διδῶμέν
597 2315 631 2356 τε
663 2292 719 2356 καὶ
752 2294 926 2377 δεχώμεθα
958 2297 1040 2360 κατά
1072 2297 1130 2359 τὸν

56 2416 100 2457 σε
114 2399 313 2463 κοινωνικὸν
336 2401 452 2481 λόγον,
480 2396 536 2462 καὶ
559 2409 626 2462 τῶν
650 2399 823 2464 δακτύλων
847 2399 960 2464 ἁπλῶν
983 2423 1053 2477 πως
1075 2400 1131 2464 καὶ
1145 2420 1171 2458 20

115 2505 176 2570 οὐκ
199 2504 352 2587 ἀγκύλων
376 2505 490 2580 αὐταῖς
512 2507 813 2590 προσπεφυκότων,
843 2503 883 2570 οὐ
911 2506 1071 2590 μιμητέον
1094 2507 1131 2571 ἐν

114 2622 184 2688 τοῖς
207 2611 371 2686 τοιούτοις
392 2613 432 2675 τά
450 2612 656 2695 γαμψώνυχα
675 2610 775 2701 ἑτέρφ
799 2615 910 2700 τρόπῳ
930 2615 1132 2699 δημιουργη-

114 2717 219 2783 θέντα
241 2718 306 2782 ὑπὸ
329 2726 390 2782 τοῦ
413 2717 615 2799 πλάσαντος,
644 2718 727 2783 ἀλλά
755 2724 881 2802 μᾶλλον
909 2719 1132 2803 κοινωνητέον

116 2824 271 2906 ἀλλήλοις
293 2822 348 2888 καὶ
367 2822 601 2908 μεταληπτέον,
625 2825 914 2910 προτρεπομένους
938 2827 984 2902 εἰς
1004 2828 1041 2890 τὸ
1064 2850 1131 2891 τοι-

116 2940 217 2995 οῦτον
240 2924 296 2995 ὑπ’
323 2931 434 2995 αὐτῶν
459 2941 526 2995 τῶν
549 2932 589 2995 τά
613 2930 758 3014 ὀνόματα
785 2931 986 3016 τιθεμένων,
1016 2935 1051 2997 οἳ
1070 2934 1132 3015 τήν
1146 2949 1171 2989 25

117 3036 229 3115 δεξιάν
256 3047 322 3102 τῶν
350 3048 470 3123 χειρῶν
498 3035 711 3121 ἐντιμοτέραν
744 3037 922 3122 ὠνόμασαν
956 3040 996 3104 οὐ
1026 3042 1132 3125 μόνον

116 3143 179 3209 ἀπὸ
202 3152 263 3208 τοῦ
287 3141 455 3228 δέχεσθαι,
480 3142 563 3208 ἀλλά
586 3141 641 3208 καὶ
664 3143 728 3209 ἀπὸ
751 3152 811 3209 τοῦ
833 3146 952 3227 δεκτήν
971 3145 1132 3231 ύπάρχειν

116 3251 151 3315 ἐν
165 3258 211 3338 τῷ
229 3252 452 3335 μεταδιδόναι.
489 3249 788 3335 δικαιοπραγητέον
807 3253 882 3335 ἀρα,
903 3253 958 3315 διά
977 3249 1014 3316 δὲ
1032 3261 1131 3317 τοῦτο

205 3431 222 3478 4
241 3422 461 3480 θεοειδεστάτου
480 3425 684 3480 Rittershusius
703 3426 739 3478 ad
758 3427 862 3496 Porph.
879 3426 942 3480 Vix.
955 3425 1045 3492 Ἠχὼ.
1059 3432 1146 3488 μοι

116 3494 231 3551 Kuster:
251 3494 285 3551 ef.
305 3512 388 3566 supra
405 3515 432 3566 p.
451 3501 544 3566 15,14
564 3500 594 3553 et
609 3504 655 3563 35,
669 3504 704 3553 λλ
716 3499 760 3568 XX&
780 3496 879 3571 <aab
898 3489 1097 3572 μεταδοτικὶις
1113 3486 1181 3545 m&

111 3588 145 3636 28
161 3583 245 3637 τοῦτο
264 3601 299 3639 ex
314 3601 415 3656 apogr.
437 3588 530 3645 Paris.
550 3589 595 3647 Kx
613 3582 673 3648 τού
698 3593 750 3663 k=
768 3584 908 3655 1023th-
