2430 3848
121 148 162 211 16
533 147 725 202 IAMBLIOHI
743 124 744 131 '

120 307 297 395 προτρέπει
333 310 486 393 πρώτως·
524 311 560 375 τὸ
599 307 630 374 δ’
666 310 840 376 ἀπολιπεῖν
877 312 914 375 τὸ
956 322 1050 396 σῶμα
1083 311 1139 378 καὶ

119 425 318 501 μεταστῆναι
356 419 403 493 είς
438 417 498 481 τὸν
535 416 670 503 αἰθέρα,
713 418 945 502 μεταλλάττειν
981 418 1037 483 καλ
1074 421 1137 503 την

118 521 340 608 ἀνθρωπίνην
378 524 482 607 φύσιν
515 525 562 600 είς
598 525 659 608 την
691 536 758 590 τῶν
793 529 885 589 θεῶν
921 528 1135 611 καθαρότητα
1151 547 1176 585 ιε

116 628 172 695 καὶ
201 627 274 694 ἀντὶ
301 635 432 713 θνητοῦ
465 633 541 713 βίου
570 631 742 696 ἀθάνατον
772 633 858 715 ζωὴν
886 638 1136 718 προαιρεῖσθαι,

89 737 164 812 εείς
186 736 248 819 την
271 737 376 820 αὐτὴν
400 736 519 802 οὐσίαν
542 760 577 802 τε
601 737 894 803 ἀποκαθίστασθαι
922 736 1056 824 παρέχει
1080 737 1136 803 καὶ

116 844 197 927 μετά
229 848 321 907 θεῶν
357 845 531 928 περίοδον,
568 845 673 931 ἥνπερ
711 851 842 930 εῖχομεν
879 843 934 909 καὶ
970 847 1135 931 πρότερον

116 947 195 1035 πρὶν
220 949 333 1015 ἐλθεῖν
358 952 404 1027 είς
427 950 645 1037 ἀνθρώπινον
670 945 766 1028 εἶδος.
813 950 962 1036 πέφηνεν
989 952 1053 1035 ἀρα
1075 951 1132 1017 καὶ

116 1054 136 1137 ἡ
168 1067 236 1120 τῶν
268 1058 431 1123 τοιούτων
464 1059 704 1142 παρακλήσεων
737 1057 894 1148 μέθοδος
919 1060 965 1135 είς
998 1059 1058 1123 ὅλα
1091 1060 1132 1123 τά

116 1160 196 1246 γένη
220 1173 287 1228 τών
311 1163 451 1247 ἀγαθῶν
479 1162 535 1229 καὶ
563 1165 645 1250 πρὸς
672 1165 780 1229 πάντα
810 1166 850 1229 τά
881 1166 952 1248 εῖδη
976 1173 1034 1248 τῆς
1057 1168 1132 1247 βελ-

76 1286 101 1324 10
115 1271 226 1347 τίονος
251 1274 332 1354 ζωῆς
354 1270 439 1354 ἡμᾶς
461 1269 704 1355 προτρέπουσα.

203 1376 259 1441 IV.
283 1379 327 1440 Εἰ
349 1373 386 1440 δέ
410 1378 462 1440 δεῖ
487 1378 606 1441 λοιπὸν
629 1375 683 1441 καὶ
712 1376 764 1442 ἐπὶ
787 1379 845 1454 τάς
872 1376 1066 1460 έσωτερικάς
1096 1400 1132 1441 τε

114 1480 168 1546 καὶ
188 1482 442 1566 ἐπιστημονικὰς
461 1483 649 1567 προτροπὰς
668 1482 821 1567 ὁρμῆσαι,
840 1483 1131 1569 προχειρισώμεθα

114 1589 245 1674 πρώτας
268 1587 406 1672 ἐκείνας,
431 1589 505 1654 ὅσαι
529 1589 609 1672 μετά
633 1597 694 1654 τοῦ
720 1591 861 1673 διδαχὴν
884 1589 1040 1675 παρέχειν
1063 1600 1132 1654 τῶν

113 1697 327 1781 κυριωτάτων
359 1693 415 1760 καὶ
451 1696 591 1779 πρώτων
624 1696 749 1761 οὐσιῶν
783 1695 867 1780 ὁμοῦ
903 1694 958 1760 καὶ
993 1695 1131 1781 προτρέ-

74 1816 99 1856 15
114 1819 236 1868 πουσιν
260 1800 313 1867 ἐπὶ
339 1803 402 1885 τὴν
430 1803 633 1885 θεολογικην
661 1800 715 1866 καὶ
743 1804 866 1888 νοεράν
895 1801 1005 1866 αὐτῶν
1034 1801 1131 1866 ἀνεύ-

113 1912 207 1994 ρεσίν
244 1933 278 1973 τε
310 1907 365 1973 καὶ
398 1909 565 1993 μάθησιν,
603 1907 657 1972 καὶ
692 1910 774 1995 πρὸς
806 1910 867 1992 τὴν
900 1909 1132 1994 πρεσβυτάτην

113 2019 238 2100 σοφίαν
266 2019 525 2100 παρακαλοῦσιν.
568 2010 725 2100 Ἀρχάτας
753 2019 870 2080 τοίνυν
897 2015 934 2080 έν
961 2023 1005 2104 τῷ
1030 2013 1131 2100 Περὶ

113 2124 256 2204 σοφίας
274 2120 378 2197 εὐθὺς
392 2120 575 2206 ἀρχόμενος
589 2119 765 2205 προτρέπει
781 2123 900 2198 οὕτως·
915 2117 1130 2186 “τοσοῦτον
1144 2140 1183 2179 4οέ

114 2225 296 2313 διαφέρει
336 2230 459 2311 σοφία
500 2225 541 2291 έν
582 2236 677 2293 πᾶσι
718 2239 804 2304 τοῖς
846 2227 1130 2313 ἀνθρωπίνοις

72 2349 98 2388 2⁰
112 2333 356 2419 πράγμασιν,
377 2334 474 2399 ὅσον
494 2336 584 2413 ὄψις
602 2331 671 2419 μέν
688 2336 914 2400 αἰσθασίων
934 2334 1128 2417 σώματος,

111 2443 204 2518 νόος
228 2438 270 2506 δέ
293 2451 436 2527 ψυχᾶς,
461 2442 572 2518 ἀλιος
596 2437 640 2506 δέ
664 2443 827 2527 ἀστρων.
874 2443 964 2520 ὄψις
992 2463 1031 2504 τε
1054 2442 1128 2525 γάρ

112 2546 400 2630 έκαβολεστάτα
437 2545 507 2611 καλ
541 2548 856 2612 πολυειδεστάτα
897 2556 966 2612 τάν
991 2545 1129 2612 ἀλλᾶν

112 2655 340 2718 αίσθασίων
378 2650 461 2716 έντλ
502 2650 568 2717 καὶ
604 2655 696 2729 νόος
732 2653 879 2729 ὕπατος
919 2655 1021 2735 λόγω
1063 2649 1129 2716 καὶ

112 2761 295 2835 διανοίας
332 2760 373 2823 τὸ
413 2757 505 2823 δέον
547 2757 792 2844 έπικραίνων
833 2758 897 2824 καὶ
935 2761 1025 2837 ὄψις
1060 2756 1129 2823 καὶ

71 2879 97 2919 25
112 2868 279 2950 δύναμις
311 2874 386 2929 τών
418 2863 667 2948 τιμιωτάτων
699 2863 894 2950 ὑπάρχων.
940 2865 1052 2940 ἀλιός
1085 2887 1128 2946 γε

111 2972 186 3055 μάν
210 2971 416 3055 ὀφθαλμός
440 2970 522 3035 έντι
544 2967 608 3035 καὶ
635 2971 738 3053 φυχά
761 2981 837 3036 τών
867 2972 991 3054 φύσιν
1016 2969 1128 3054 έχόν-
1145 2991 1183 3030 ιο4

184 3151 287 3213 18sqq.
307 3146 449 3214 Archytae
467 3146 626 3214 fragmenta
643 3165 668 3200 v.
689 3145 719 3197 in
733 3145 858 3200 Mullach
872 3147 884 3199 Ι
903 3165 929 3215 p.
945 3152 996 3201 558
1008 3163 1071 3214 sqq.

112 3257 325 3264 -—-..—-.-.

182 3313 216 3360 20
227 3301 387 3374 πράγμασιν
398 3323 434 3360 m.
444 3321 497 3361 rec.
508 3322 595 3374 marg.
607 3303 687 3359 Laut.
699 3310 741 3371 86,
751 3310 798 3358 29:
813 3300 937 3374 σώμασιν
951 3309 960 3376 ss
974 3312 1008 3360 23
1020 3303 1080 3360 ἐντλ
1089 3305 1129 3360 K:

111 3373 168 3431 ἐστὶ
182 3380 191 3447 ΙΙ
205 3375 276 3450 λόγῳ
291 3379 301 3447 ΙΙ
315 3383 349 3431 24
368 3380 397 3432 et
414 3394 442 3445 p.
458 3382 501 3443 17,
511 3383 545 3431 26
565 3379 694 3437 διανοίας
713 3376 758 3444 (cl.
773 3395 800 3445 p.
821 3380 861 3442 18,
879 3380 905 3445 1)
919 3377 989 3431 coni.
1005 3375 1043 3431 K:
1064 3379 1129 3431 δια-

110 3453 173 3503 νοίοι
193 3453 254 3520 1124
274 3448 355 3503 (δειλοὶ
373 3450 479 3518 (opusc.
499 3447 616 3517 Mythol.
636 3465 663 3515 p.
679 3449 741 3515 732)
761 3446 951 3502 coniecturam
972 3446 1129 3514 ἐπικρίνων

109 3520 252 3590 improbat
265 3520 285 3573 Ι,
302 3519 381 3575 Gom·⁸
398 3518 486 3574 Orelli
501 3521 606 3588 (opusc.
621 3521 676 3572 vet.
692 3519 810 3574 sentent.
821 3518 846 3572 II
861 3537 888 3588 p.
902 3522 973 3588 682).
