2430 3848
374 184 647 241 PROTREPTICUS
666 189 698 256 (τ.
713 186 797 256 τιτι).
1047 185 1091 250 47

31 365 61 407 A.
76 348 185 413 πάντα
207 350 333 435 τρόπον
355 347 536 433 ὑπομένειν
555 349 637 414 αὐτὸ
657 351 739 434 δεῖν,
763 349 1008 432 καταγέλαστον
1026 351 1090 434 ήδη

74 457 112 520 τὸ
145 455 190 539 μή
224 455 332 520 πάντα
363 456 471 520 πόνον
502 452 683 538 ὑπομένειν
715 453 771 519 καὶ
801 464 911 520 πᾶσαν
939 456 1092 538 σπουδήν

75 562 276 640 σπουδάζειν
299 561 389 638 ὅπως
410 564 569 645 κτήσηται
596 563 721 645 ταύτην
744 562 806 644 τήν
829 564 998 648 φρόνησιν
1020 562 1092 644 ήτις

74 669 239 752 γνώσεται
261 668 323 751 τήν
346 666 519 752 ἀλήθειαν.

165 777 269 858 Γνοίη
299 770 330 838 δ’
362 775 404 839 ἀν
436 797 486 850 τις
517 774 554 839 τὸ
587 774 668 839 αὐτὸ
701 770 755 838 καὶ
788 774 852 839 ἀπὸ
884 775 1029 857 τούτων,
1062 775 1094 839 εί
1105 794 1118 835 τ

75 883 282 967 θεωρήσειεν
305 878 364 945 ὑπ’
391 881 497 964 αὐγάς
518 881 579 945 τὸν
602 879 816 966 ἀνθρώπειον
835 883 921 964 βίον.
958 880 1092 967 εὑρήσει

76 989 139 1072 γὰρ
163 989 203 1052 τὰ
227 989 394 1052 δοκοῦντα
416 981 504 1052 εἶναι
526 988 652 1072 μεγάλα
676 998 747 1064 τοῖς
769 988 962 1075 ἀνθρώποις
984 990 1092 1054 πάντα

77 1095 157 1159 ὄντα
181 1096 417 1178 σκιαγραφίαν.
458 1093 549 1160 ὅθεν,
564 1091 621 1159 καὶ
643 1092 772 1177 λέγεται
794 1099 903 1172 καλῶς
924 1096 962 1160 τὸ
986 1092 1092 1179 μηδὲν

76 1195 164 1266 εἶναι
186 1201 245 1266 τὸν
269 1202 452 1294 ἄνθρωπον
476 1197 531 1265 καὶ
557 1201 595 1265 τὸ
619 1197 726 1284 μηδὲν
749 1195 835 1266 εἶναι
863 1198 1001 1284 βέβαιον
1024 1212 1091 1266 τῶν

76 1307 313 1393 ἀνθρωπίνων.
360 1307 454 1391 ίσχύς
481 1330 516 1372 τε
541 1308 606 1393 γάρ
635 1305 691 1373 καὶ
719 1306 861 1391 μέγεθος
890 1304 945 1373 καὶ
972 1307 1092 1384 κάλλος
1107 1327 1132 1367 ιο

75 1413 180 1497 γέλως
203 1411 272 1478 ἐστὶ
290 1410 345 1478 καὶ
364 1413 504 1490 οὐδενὸς
520 1413 606 1497 ἀξια,
630 1415 752 1491 κάλλος
769 1438 804 1479 τε
823 1415 912 1501 παρὰ
930 1416 968 1480 τὸ
988 1411 1093 1500 μηδὲν

28 1537 63 1576 ¹1·
77 1519 160 1605 δρᾶν
184 1515 317 1606 ἀκριβές
336 1521 429 1585 δοκεῖ
447 1515 534 1585 εἶναι
551 1530 714 1587 τοιοῦτον.
753 1523 784 1587 εί
799 1522 863 1608 γάρ
882 1547 933 1599 τις
950 1521 1091 1587 ἐδύνατο

76 1625 211 1710 βλέπειν
234 1625 293 1704 ὀξὺ
315 1627 466 1712 καθάπερ
489 1627 549 1692 τὸν
571 1626 705 1710 Λυγκέα
728 1631 848 1713 φασίν,
878 1628 915 1705 ὃς
942 1630 998 1693 διὰ
1025 1639 1092 1694 τῶν

76 1736 198 1818 τοίχων
222 1731 308 1819 ἑώρα
331 1729 387 1798 καὶ
412 1743 481 1798 τῶν
505 1731 672 1819 δένδρων,
700 1730 772 1798 πότ’
799 1732 841 1798 ἀν
867 1733 982 1810 ἔδοξεν
1006 1729 1096 1799 εἷναί

76 1863 151 1905 τινα
166 1840 228 1923 τήν
247 1842 328 1917 όψιν
341 1838 491 1922 ἀνεκτόν,
511 1838 601 1926 ὁρῶν
615 1839 648 1918 έξ
666 1840 749 1906 οἴων
767 1839 947 1923 συνέστηκε
965 1850 1090 1919 κακῶν;
1108 1860 1132 1900 15

77 1945 168 2031 τιμαὶ
192 1943 307 2012 δὲκαὶ
332 1946 425 2025 δόξαι
449 1949 488 2013 τά
512 1949 697 2032 ζηλούμενα
724 1952 852 2033 μᾶλλον
875 1957 943 2012 τῶν
966 1952 1093 2014 λοιπῶν

78 2053 259 2138 ἀδιηγήτου
290 2053 381 2138 γέμει
413 2058 593 2141 φλυαρίας·
628 2064 674 2143 τῷ
707 2057 772 2140 γὰρ
802 2062 994 2141 καθορῶντι
1025 2064 1093 2118 τῶν

77 2160 197 2226 ἀιδίων
219 2185 251 2226 τι
273 2160 410 2244 ήλίθιον
433 2159 509 2247 περὶ
531 2170 635 2227 ταῦτα
658 2163 866 2242 σπουδάζειν.
911 2165 947 2227 τί
968 2159 998 2227 δ’
1024 2158 1093 2227 ἐστὶ

78 2269 206 2352 μακρὸν
228 2265 249 2350 ή
272 2269 308 2331 τί
325 2271 551 2354 πολυχρόνιον
573 2279 641 2334 τῶν
664 2268 905 2354 ἀνθρωπίνων;
930 2268 1013 2333 ἀλλά
1037 2269 1093 2332 διὰ

76 2373 138 2456 τήν
151 2370 314 2459 ἡμετέραν
329 2371 520 2457 ἀσθένειαν,
540 2369 643 2458 οἶμαι,
661 2371 717 2438 καὶ
734 2377 811 2457 βιόυ
830 2376 1019 2459 βραχύτητα
1037 2372 1093 2438 καὶ
1107 2394 1133 2434 ιο

77 2488 175 2544 τοῦτο
204 2482 358 2562 φαίνεται
385 2481 480 2546 πολύ.
525 2482 575 2557 τίς
604 2479 646 2545 ἀν
674 2475 737 2546 οὖν
761 2483 808 2557 είς
834 2488 937 2545 ταῦτα
961 2478 1092 2564 βλέπων

28 2599 64 2640 ss·
77 2592 182 2651 οίοιτο
207 2586 376 2670 εὐδαίμων
394 2581 482 2652 εἶναι
504 2584 559 2653 καὶ
578 2588 749 2674 μακάριος,
775 2591 810 2653 οἳ
829 2598 963 2674 πρῶτον
987 2588 1092 2666 εὐθὺς

76 2692 178 2776 φύσει
210 2691 432 2778 συνέσταμεν,
468 2695 620 2780 καθάπερ
658 2692 763 2778 φασὶν
800 2695 836 2760 οί
869 2697 927 2771 τάς
963 2697 1093 2772 τελετὰς

77 2797 246 2882 λέγοντες,
273 2800 383 2885 ὥσπερ
411 2798 453 2865 ἀν
481 2798 532 2866 ἐπὶ
561 2804 703 2887 τιμωρίᾳ
734 2801 867 2880 πάντες;
901 2810 1000 2866 τοῦτο
1028 2802 1091 2885 γὰρ

76 2908 178 2982 θείως
207 2906 243 2969 οί
267 2904 474 2992 ἀρχαιότεροι
502 2904 638 2991 λέγουσι
667 2908 705 2972 τὸ
733 2909 838 2990 φάναι
869 2908 1001 2972 διδόναι
1030 2909 1090 2991 τήν
1105 2924 1131 2965 25

76 3023 291 3032 —.—----—-.

167 3068 192 3117 τ.
211 3081 238 3132 p.
253 3068 296 3130 ιε,
311 3068 344 3116 ει
364 3061 450 3118 Arist.
469 3063 501 3116 fr.
516 3070 557 3119 το.
574 3070 616 3119 οο.
632 3064 709 3118 6111.
729 3066 765 3134 (p.
781 3070 823 3133 το,
840 3072 934 3133 ι-ιι,
949 3071 983 3119 22
998 3067 1007 3134 n
1021 3071 1037 3118 8
1057 3066 1091 3119 cf.

77 3133 162 3203 Soph.
182 3132 227 3190 Αἰ.
244 3139 294 3188 125
304 3151 343 3202 sq.
358 3135 368 3201 ή
382 3140 397 3188 9
418 3134 452 3189 cf.
472 3134 576 3203 Diphil.
591 3137 645 3191 ine.
660 3135 716 3192 fab.
731 3135 764 3190 fr.
780 3143 829 3191 27⁸
847 3136 895 3205 (IV
910 3142 963 3190 424
973 3137 1068 3206 Mein.)
1082 3136 1092 3208 ή

76 3209 109 3259 23
125 3203 155 3259 οἶ
167 3207 218 3267 τὰς
231 3205 365 3276 τελ.κτλ.]
381 3205 415 3259 cf.
431 3204 691 3277 LobeokAglaoph.
705 3225 733 3276 p.
749 3215 800 3263 796
815 3209 938 3277 itemque
949 3225 976 3276 p.
988 3213 1022 3261 89
1030 3224 1090 3275 sqq.

166 3353 182 3400 2
202 3345 292 3401 πόνον
310 3351 410 3401 πονεῖν
429 3363 481 3403 em.
501 3349 573 3402 Rose
591 3351 600 3418 ΙΙ
620 3354 651 3403 11
675 3349 718 3419 τε]
743 3367 773 3416 γε
793 3349 866 3403 Rose
884 3351 894 3417 n
913 3354 945 3402 13
964 3346 1069 3416 λυγγέα
1083 3348 1096 3421 st

78 3423 112 3471 14
129 3413 210 3506 aba]
229 3419 289 3480 πῶς
304 3434 359 3503 χοε.
374 3416 400 3470 Κ
413 3420 423 3486 ΙΙ
438 3424 475 3500 1ο
490 3414 612 3474 ἀνεκτὸν
630 3416 701 3491 ὁρᾶν
720 3419 795 3508 {tosa
807 3421 918 3512 &mua
933 3421 1129 3509 mmmm..

75 3494 114 3612 {ll
129 3492 222 3621 3222
240 3490 281 3552 vlf
298 3509 336 3581 αν
355 3487 522 3549 valcamus:
543 3490 616 3550 πολό
632 3514 670 3552 τι.
705 3488 837 3565 ἐαυήθῖ.
858 3510 887 3546 οι
907 3486 1135 3544 emffim.
