2430 3848
383 152 657 209 Ραονοκονιοοε
677 156 712 225 (0.
729 153 787 224 οι).

167 309 252 379 οἵτ’
279 314 418 398 ἀγαθῶν
440 315 541 393 πέλας
564 318 672 383 όντων
696 311 767 382 οὔτ’
793 316 956 404 έσορῶσιν

122 421 199 486 οὔτε
222 422 377 506 κλύουσι,
401 423 500 487 λύσιν
523 419 560 487 δὲ
583 432 694 488 κακῶν
716 432 840 509 παῦροι
864 433 1007 490 συνιᾶσι.

75 565 113 628 τὸ
141 565 206 647 γάρ
237 563 335 647 ἐγγὺς
363 558 450 629 εἶναι
478 564 610 648 τάγαθά
637 564 692 630 καὶ
721 564 972 650 συμπεφυκέναι
999 565 1094 650 ἡμῶν

76 678 115 755 τῇ
138 678 228 755 ψυχῇ
255 669 391 736 πάντων
415 667 452 735 δὲ
479 670 640 758 ὑπάρχειν
669 673 853 737 οἰκειότατα
880 671 976 756 ἡμῖν,
1008 677 1094 737 θαυ-

77 787 208 861 μαστῶς
240 776 310 842 ἐστι
345 778 574 864 προτρεπτικά.
626 775 679 843 καὶ
710 780 748 843 τὸ
785 781 865 863 μητε
897 777 981 864 ὁρᾶν
1014 780 1121 863 μητεο

78 882 229 966 ἀκούειν,
259 882 324 949 ὑπὸ
353 880 390 948 δὲ
417 892 475 966 τῆς
508 885 696 967 αἰσθήσεως
725 885 989 967 ἐπισκοτεῖσθαι,
1023 886 1094 950 δαι-

10 1007 61 1047 νΚ.
78 992 202 1075 μονίως
229 992 277 1066 είς
303 991 364 1074 τὴν
387 992 511 1076 νοεράν
536 991 621 1074 ζωὴν
643 998 841 1076 παρακαλεῖ,
871 993 915 1069 ὡς
942 1002 1003 1057 τοῦ
1030 1001 1094 1059 νοῦ

77 1099 185 1181 μόνου
208 1094 263 1161 καὶ
287 1095 433 1183 ὁρῶντος
454 1098 563 1163 πάντα
585 1096 640 1162 καὶ
664 1097 854 1175 ἀκούοντος.
896 1095 974 1183 ἡδὲ
993 1099 1094 1163 ἀπαλ-

10 1220 65 1260 9A-
81 1203 165 1287 λαγη
189 1214 257 1268 τῶν
279 1214 406 1285 κακῶν,
434 1203 477 1287 ἣν
500 1203 607 1287 ὀλίγοι
629 1210 819 1291 καθορῶσι,
846 1202 1025 1288 προτρέπει
1049 1206 1095 1281 είς

77 1311 139 1394 τὴν
167 1311 266 1375 λύσιν
293 1311 354 1394 τὴν
382 1309 446 1375 ἀπὸ
475 1319 535 1376 τοῦ
562 1311 714 1395 σώματος
744 1309 800 1376 καὶ
828 1311 890 1394 τὴν
920 1313 1005 1396 ζωὴν
1033 1312 1094 1395 την
1110 1330 1135 1368 1⁰

77 1414 156 1481 καθ’
198 1414 319 1499 ἑαυτὴν
356 1425 413 1499 τῆς
449 1425 573 1501 ψυχῆς,
610 1419 729 1501 ἥντινα
765 1417 905 1502 μελέτην
942 1419 1095 1484 θανάτου

77 1523 379 1609 προσαγορεύομεν.

166 1627 235 1695 Καὶ
267 1629 367 1705 ἀλλος
395 1622 426 1694 δ’
459 1626 527 1693 ἐστὶ
555 1631 793 1712 προτρεπτικὸς
824 1633 946 1715 τρόπος
978 1630 1095 1714 ἐφεξῆς

78 1736 142 1802 ἀπὸ
164 1744 224 1819 της
252 1737 411 1820 διαβολῆς
440 1747 508 1800 τῶν
535 1747 655 1800 κακῶν.
703 1735 743 1801 ού
771 1737 834 1821 γάρ
863 1736 1002 1802 ἀνεκτόν
1017 1724 1095 1802 ’ἐστι

76 1843 285 1926 κυλινδρίοις
308 1841 456 1919 ἐοικότας
1110 1858 1135 1899 ιε

110 1978 222 2050 ἄλλοτ’
240 1981 290 2048 ἐπ’
308 1985 391 2049 ἀλλα
406 1982 585 2070 φέρεσθαι,
606 1983 767 2069 ἀπείρονα
781 1982 902 2069 κύματ’
921 1986 1065 2068 ἔχοντας.

77 2127 115 2191 τὸ
139 2127 203 2211 γάρ
232 2128 344 2208 βίαιον
366 2123 422 2191 καὶ
446 2125 623 2209 ἀλόγιστον
646 2123 701 2191 καὶ
735 2128 804 2210 είκη
828 2129 1018 2212 φερόμενον
1040 2124 1095 2190 καὶ

78 2234 196 2298 ἀλλοτε
229 2231 365 2297 ἀλλοῖον
397 2229 452 2297 καὶ
484 2233 624 2317 μάλιστα
656 2233 693 2296 τὸ
728 2229 914 2316 ἀπέραντον
947 2233 967 2316 η
998 2236 1095 2299 κακία

77 2342 293 2423 παρίστησιν,
318 2338 338 2402 ἀ
362 2341 416 2404 δεί
437 2340 665 2424 διαφερόντως
688 2339 835 2421 φεύγειν.

164 2443 211 2510 Ἡ
230 2442 266 2511 δὲ
289 2447 369 2530 μετά
391 2454 494 2510 ταῦτα
517 2446 632 2528 γνώμη
657 2443 726 2508 έστλ
749 2444 898 2526 τοιαύτη·
1109 2462 1136 2500 ιο

102 2589 209 2672 λυγρά
232 2588 296 2674 γάρ
320 2588 510 2664 συνοπαδὸς
534 2590 602 2674 ἔρις
625 2586 817 2669 βλάπτουσα
841 2584 963 2668 λέληθε

103 2696 287 2780 σύμφυτος,
309 2695 353 2779 ἣν
372 2694 413 2760 οὐ
437 2697 491 2760 δεί
511 2694 683 2780 προάγειν,
708 2699 839 2759 είκοντα
864 2691 901 2757 δέ
925 2693 1072 2776 φεύγειν.

79 2837 229 2903 ἐνταῦθα
255 2834 311 2902 καὶ
338 2837 376 2901 τὸ
405 2837 517 2908 διττὸν
539 2845 596 2920 τῆς
626 2835 841 2920 ἀνθρωπίνης
869 2834 1001 2918 φύσεως
1024 2832 1096 2898 έπέ-

79 2944 182 3026 δειξε,
213 2941 269 3008 καλ
299 2945 337 3007 τὸ
370 2943 608 3027 παραπεφυκὸς
639 2941 719 3026 ἡμῖν
752 2940 815 3004 ἀπὸ
848 2949 905 3022 τῆς
937 2938 1096 3023 γενέσεως

171 3143 185 3188 1
198 3153 259 3204 sqq.
275 3132 365 3189 Oarm.
379 3136 445 3190 Aur.
461 3152 505 3188 vv.
521 3141 554 3190 55
566 3152 605 3203 sq.
621 3135 630 3202 ss
645 3140 731 3202 bsqq.
747 3133 781 3187 cf.
792 3131 951 3202 Epicharm.
967 3149 1012 3200 ap.
1023 3131 1095 3184 Mul-

77 3206 144 3263 ]ach
154 3206 167 3259 I
177 3225 204 3276 p.
216 3211 268 3260 144
278 3205 402 3275 (horem,
417 3224 443 3274 p.
456 3210 510 3259 255
520 3208 580 3274 οη).
601 3205 657 3260 vit.
667 3204 751 3274 Pyth.
762 3222 788 3271 p.
802 3209 860 3270 158,
874 3211 905 3257 16
917 3219 975 3270 sqq.
996 3203 1095 3256 Nauck

78 3280 109 3333 et
117 3277 190 3333 infra
200 3277 290 3332 Protr.
301 3295 327 3346 p.
340 3282 399 3344 178,
410 3282 444 3332 16
454 3294 515 3345 sqq.
527 3275 626 3331 Kiessl.
642 3277 650 3342 ΙΙ
667 3281 698 3328 11
711 3275 743 3330 ef.
754 3273 827 3328 Plan.
838 3275 978 3328 Phaedon.
988 3291 1014 3341 p.
1027 3280 1059 3327 67
1072 3273 1095 3326 D

77 3347 250 3419 (Stallbaum
265 3347 302 3402 ad
316 3366 344 3417 p.
361 3353 395 3403 64
403 3347 439 3419 A)
453 3349 462 3417 ΙΙ
477 3353 510 3402 16
530 3351 559 3402 et
576 3353 662 3413 21sq.
681 3344 771 3400 carm.
791 3345 857 3398 Aur.
876 3361 919 3398 vv.
936 3349 1050 3398 58-60.

169 3531 185 3578 2
204 3528 285 3580 λύσιν
305 3527 334 3580 et
351 3525 463 3580 συνίασι
477 3525 486 3595 ΙΙ
501 3529 534 3578 15
553 3525 712 3592 κυλίνδροις
731 3519 761 3577 Α.
