2430 3848
111 169 154 233 38
525 165 715 220 IAMssmoffl

111 329 187 414 περὶ
214 341 281 395 τῶν
305 332 443 395 δικαίων
466 327 611 394 καὶτῶν
635 330 892 413 συμφερόντων,
921 328 969 392 ἔτι
993 323 1030 391 δὲ
1052 325 1130 410 περὶ
1144 347 1186 386 ωι

113 438 246 522 φύσεώς
268 461 303 502 τε
326 435 381 503 καὶ
404 446 462 522 τής
485 437 586 518 ἀλίης
609 434 769 518 ἀληθείας
793 434 971 519 ἐπιστήμας
990 432 1131 499 δυνατοί
1146 453 1184 493 ωε

112 547 227 628 λαβεῖν
251 543 360 628 ἐσμεν,
385 541 506 630 ῥᾴδιον
530 540 698 620 ἐπιδεῖξαι.
740 538 790 605 ἀεὶ
809 542 873 626 γάρ
894 541 1131 626 γνωριμώτερα

109 652 149 714 τὰ
181 653 326 738 πρότερα
357 661 425 715 τῶν
457 647 607 733 ὑστέρων
634 645 689 712 καὶ
717 649 757 712 τά
785 649 902 731 βελτίω
934 648 996 731 τήν
1024 647 1130 731 φύσιν

83 768 177 822 ὁτῶν
204 760 377 844 χειρόνων.
422 767 489 821 τῶν
519 756 582 841 γάρ
611 753 806 839 ὡρισμένων
835 752 889 819 καὶ
920 753 1130 839 τεταγμένων

110 862 270 948 ἐπιστήμη
300 865 426 948 μᾶλλόν
455 861 545 926 ἐστιν
578 860 598 944 ή
622 872 689 926 τῶν
719 861 897 943 ἐναντίων,
926 862 973 924 ἐτι
1002 856 1039 925 δὲ
1060 871 1129 926 τῶν

111 971 227 1034 αἰτίων
259 969 279 1054 ή
308 981 375 1035 τῶν
409 969 671 1053 ἀποβαινόντων.
722 970 791 1033 ἔστι
822 965 852 1032 θ’
880 965 1048 1052 ὡρισμένα
1072 966 1129 1033 καὶ

109 1076 292 1160 τεταγμένα
314 1076 446 1161 τάγαθά
468 1087 536 1141 τῶν
558 1086 669 1141 κακῶν
693 1079 835 1158 μᾶλλον,
862 1075 971 1159 ὥσπερ
996 1075 1130 1157 ἀνθρω-

109 1204 171 1261 πος
193 1184 338 1268 ἐπιεικής
362 1183 547 1269 ἀνθρώπου
571 1185 718 1267 φαύλου·
741 1183 803 1266 τήν
825 1181 931 1265 αὐτήν
954 1182 1025 1267 γάρ,
1041 1184 1130 1266 ἐχειν

70 1305 98 1345 10
112 1288 295 1373 ἀναγκαῖον
319 1290 403 1355 αὐτοὶ
425 1291 508 1373 πρὸς
526 1291 653 1372 ἄλληλα
672 1290 849 1375 θιαφοράν.
887 1289 977 1353 αίτιά
996 1312 1029 1352 τε
1048 1294 1130 1373 μάλ-

110 1401 171 1459 λον
199 1397 239 1459 τὰ
266 1398 410 1481 πρότερα
433 1406 501 1460 τῶν
524 1395 684 1483 ὑστέρων·
714 1395 850 1461 ἐκείνων
880 1397 943 1480 γάρ
972 1395 1130 1483 ἀναιροω

110 1498 221 1583 μένων
249 1501 433 1588 ἀναιρεῖται
460 1502 500 1566 τά
527 1502 589 1585 τήν
618 1502 737 1567 οὐσίαν
769 1501 802 1582 ἐξ
833 1501 970 1567 ἐκείνων
1000 1505 1130 1587 έχοντα,

110 1609 196 1690 μήκη
221 1604 282 1691 μέν
305 1606 471 1693 ἀριθμῶν,
496 1607 633 1673 ἐπίπεδα
653 1605 690 1673 δὲ
708 1618 834 1692 μηκῶν,
860 1610 976 1691 στερεά
1000 1606 1037 1674 δέ
1061 1609 1130 1675 ἐπι-

109 1709 247 1796 πέθων[,
262 1724 407 1798 στοιχεῖα
423 1710 459 1779 δὲ
473 1726 541 1780 τῶν
551 1713 807 1799 ὀνομαζομένων
820 1718 1020 1797 συλλαβῶν].
1045 1717 1130 1783 ὥστε

70 1837 95 1877 11
111 1826 201 1904 είπερ
216 1822 305 1905 ψυχή
325 1818 386 1906 μὲν
401 1822 552 1904 σώματος
570 1823 709 1906 ἀμεινων
729 1820 968 1907 (ἀρχικώτερον
985 1824 1049 1907 γὰρ
1068 1825 1131 1907 τήν

110 1926 216 2010 φύσιν
239 1926 334 2011 ἐστι’),
358 1926 433 2012 περὶ
453 1925 490 1992 δὲ
512 1939 606 2012 σῶμα
624 1927 737 2012 τέχναι
760 1925 815 1992 καὶ
839 1930 1019 2012 φρονήσεις
1042 1928 1131 1996 είσὶν

111 2033 240 2118 ἰατρική
259 2057 294 2096 τε
312 2030 367 2097 καί
381 2031 592 2118 γυμναστική
608 2033 742 2119 (ταύτας
760 2035 824 2119 γὰρ
843 2034 936 2119 ἡμεῖς
950 2034 1131 2120 ἐπιστήμας

110 2141 248 2222 τίθεμεν
271 2136 326 2203 καὶ
345 2141 529 2221 κεκτήσθαί
547 2163 640 2217 τινας
664 2141 764 2216 αὐτάς
788 2139 924 2227 φαμεν),
949 2143 1053 2225 δῆλον
1077 2143 1129 2208 ὅτι
1144 2159 1182 2198 1⁰⁸

111 2241 166 2308 καὶ
189 2242 265 2330 περί
287 2246 399 2329 ψυχήν
422 2242 476 2309 καὶ
499 2247 557 2323 τὰς
579 2255 688 2330 ψυχῆς
713 2246 830 2332 ἀρετάς
853 2245 926 2311 ἐστί
944 2270 994 2324 τις
1017 2247 1128 2332 ἐπιμέ-

70 2370 96 2409 20
111 2355 183 2416 λεια
204 2349 261 2417 καὶ
279 2350 388 2436 τέχνη,
407 2350 462 2416 καὶ
483 2351 621 2418 δυνατοὶ
639 2357 755 2436 λαβεῖν
778 2353 883 2436 αὐτήν
902 2352 1011 2438 ἐσμεν,
1036 2361 1129 2441 εἴπερ

109 2481 146 2541 γε
174 2455 229 2522 καὶ
256 2470 324 2524 τῶν
352 2455 422 2543 μετ’
453 2459 590 2544 ἀγνοίας
617 2463 772 2536 πλείονος
798 2458 853 2524 καὶ
879 2471 1007 2543 γνῶναι
1033 2466 1129 2545 χαλε-

109 2563 275 2647 πωτέρων.
323 2565 444 2649 ὁμοίως
468 2562 578 2630 δὲκαὶ
601 2576 669 2630 τῶν
691 2564 766 2651 περὶ
789 2567 935 2650 φύσεως·
958 2569 1044 2632 πολὺ
1062 2569 1128 2653 γάρ

109 2673 273 2754 πρότερον
306 2669 488 2753 ἀναγκαῖον
518 2683 587 2736 τῶν
619 2674 735 2737 αίτίων
768 2671 822 2737 καὶ
854 2683 922 2737 τῶν
954 2677 1130 2757 στοιχείων

182 2906 205 2953 3.
221 2917 248 2967 p.
262 2904 304 2965 41,
319 2905 334 2953 2
351 2898 384 2952 cf.
401 2899 497 2953 Iambl.
512 2898 542 2954 in
555 2899 627 2953 libro
641 2899 682 2952 III
696 2899 853 2968 (Villoioon‚
868 2901 1009 2955 Anecd.11
1022 2919 1049 2971 p.
1066 2906 1128 2971 217,

110 2973 242 3037 35-218,
257 2976 300 3023 25.
334 2968 398 3024 (lod.
413 2969 543 3025 Laurent.
559 2975 601 3039 86,
617 2971 837 3040 3f.109osqq.).

181 3188 197 3236 3
216 3179 414 3250 γνωριμώτερα
428 3177 586 3253 ἀμφότερα,
600 3178 634 3236 τά
650 3182 699 3236 lib.
715 3182 777 3254 1111}
793 3188 826 3236 13
843 3179 989 3255 ἀριθμῶν]
1003 3200 1039 3238 an
1054 3202 1129 3254 στιγ-

109 3253 168 3322 μῶν
184 3253 229 3323 (ol.
244 3255 290 3306 Ar.
305 3252 373 3322 Top.
390 3258 411 3307 Ζ
424 3260 449 3307 4.
466 3259 539 3321 141⁸,
553 3255 599 3322 6)?
614 3254 645 3308 at
659 3255 693 3308 of.
708 3252 758 3308 lib.
770 3255 809 3309 ΙΙΙ
822 3273 849 3324 p.
861 3259 922 3322 214,
936 3259 969 3308 14
983 3256 992 3324 ή
1007 3261 1042 3309 14
1056 3272 1129 3310 στοι-

109 3330 173 3393 χεῖα
193 3356 226 3364 -
246 3326 390 3398 συλλαβῶν
409 3324 462 3380 del.
482 3327 565 3392 Roee,
585 3342 638 3379 om.
657 3325 706 3379 lib.
722 3325 768 3380 ΙΙΙ.
806 3326 881 3380 certo
897 3324 1048 3380 dicendum
1068 3328 1130 3381 erat

109 3396 245 3468 συλλαβαὶ
269 3391 300 3449 δὲ
320 3400 376 3450 τάν
396 3390 476 3465 ὄνομ.
495 3398 654 3465 στοιχείων;
678 3413 744 3450 nom
762 3396 1004 3466 Pythagoreorum
1023 3395 1129 3452 συνθέ-

106 3486 167 3526 τοις
178 3467 335 3534 στοιχείοις,
356 3467 390 3522 do
406 3467 507 3537 quibus
522 3469 696 3539 cogitaverat
708 3465 860 3536 Kiesoling‚
879 3469 973 3522 nullus
986 3467 1033 3521 hio
1048 3467 1129 3523 loono

87 3533 142 3591 (015
147 3551 180 3598 p.
197 3541 242 3601 39„
262 3543 282 3590 7
287 3541 349 3607 ιφ),
