2430 3848
369 169 638 227 PROTREPTICUS
658 174 691 241 (ο.
706 173 778 243 XX).
1038 175 1080 238 95

63 333 225 419 θρώπους
247 335 529 416 καταγωνίζεσθαι
557 332 576 398 δ
603 342 661 418 τῆς
683 333 839 421 ἀνδρείας
862 335 1080 422 παραγγέλλει

63 444 167 525 νόμος
193 437 250 505 καὶ
276 441 317 504 τὰ
345 441 578 525 βλαβερώτατοι
609 450 677 505 τῶν
708 442 841 527 θηρίων
871 449 1080 528 χειροῦσθαι,

63 557 186 630 χωρεῖν
208 570 243 612 τε
267 544 319 612 ἐπὶ
342 549 422 623 τοὺς
443 547 624 623 κινδύνους
653 548 706 611 δεῖ
727 548 910 632 προθύμως
932 546 988 612 καὶ
1011 547 1081 614 ἐθί-

10 672 48 710 ιε.
65 659 182 732 ζεσθαι
205 652 327 729 αὐτοὺς
349 651 543 736 ὑπομένειν,
573 654 698 739 ῖδωμεν
724 652 780 719 καὶ
803 655 886 739 πρὸς
907 663 1010 719 ταῦτα
1032 657 1082 731 τίς

63 760 150 843 ἡμᾶς
181 758 340 843 ἐπιστήμη
373 757 393 843 ἣ
425 761 565 844 δύναμις
596 761 834 846 παρασκευάζει
866 760 1107 844 ἐπιτηδείουςσ

65 865 205 949 οὐδεμία
224 864 266 930 άν
285 866 379 948 άλλη,
399 866 444 942 ὡς
463 857 597 954 ἐγῷμαι,
621 865 641 950 ἢ
661 869 745 951 μόνη
765 871 959 952 φιλοσοφία.
996 866 1080 951 αὕτη

63 974 128 1057 γάρ
148 973 321 1058 διαμελετᾷ
341 983 511 1058 καρτερεῖν
529 971 584 1037 καλ
605 982 666 1038 τοῦ
687 974 838 1039 θανάτου
856 985 1081 1059 καταφρονεῖν

65 1077 257 1162 ἐγκράτειάν
280 1100 315 1142 τε
339 1077 523 1161 ἐπιτηδεύει
547 1072 591 1142 δι’
618 1078 700 1143 ὅλου
724 1089 785 1145 τοῦ
810 1083 898 1163 βίου,
921 1077 1082 1163 καὶπρὸς

65 1180 126 1267 μὲν
153 1185 232 1258 τοὺς
257 1186 383 1260 πόνους
410 1184 549 1249 έναθλεῖ
574 1188 751 1269 γενναίως,
784 1196 851 1250 τῶν
884 1182 921 1250 δὲ
947 1186 1082 1269 ἡδονῶν

63 1289 213 1376 ὑπερορᾷ
236 1291 434 1356 παντάπασι.
480 1294 585 1375 μόνης
612 1292 677 1378 ἀρα
699 1292 821 1375 ταύτης
844 1291 1123 1376 ἀντιλαμβάνειν

65 1403 148 1460 σθαι
166 1397 228 1481 χρὴ
247 1398 326 1473 τοὺς
344 1396 570 1483 βουλομένους
584 1408 652 1463 τῶν
666 1401 772 1466 θείων
786 1399 839 1465 καὶ
856 1400 1082 1485 ἀνθρωπίνων

64 1502 205 1585 ἀγαθῶν
223 1502 357 1568 πάντων
375 1504 643 1588 μεταλαγχάνειν.
681 1504 725 1582 ὡς
747 1507 811 1591 γάρ
833 1505 944 1582 ἁπλῶς
967 1508 1082 1587 εἰπεῖν,

65 1609 83 1673 ὅ
106 1631 139 1672 τι
157 1610 199 1673 άν
218 1631 267 1685 τις
286 1607 386 1694 ἐθέλη
406 1607 648 1695 ἐξεργάσασθαι
666 1612 713 1685 είς
731 1608 824 1686 τέλος
842 1613 879 1675 τὸ
899 1609 1081 1693 βέλτιστον,

65 1715 124 1780 έάν
146 1739 181 1780 τε
201 1718 326 1798 σοφίαν
349 1716 409 1781 ἐάν
430 1740 464 1781 τε
484 1716 643 1802 ἀνδρείαν
663 1716 721 1781 ἐάν
738 1740 773 1781 τε
793 1717 1000 1797 εύγλωσσίαν
1024 1715 1082 1780 ἐάν

65 1845 99 1886 τε
118 1821 238 1907 ἀρετὴν
257 1821 277 1906 ἢ
296 1823 358 1906 την
377 1823 555 1906 σύμπασαν
578 1821 598 1906 ἢ
617 1821 716 1909 μέρος
734 1846 767 1888 τι
786 1822 896 1907 αὐτῆς,
921 1822 956 1887 ἐκ
977 1824 1082 1887 τῶνδε
1097 1842 1122 1881 15

66 1920 139 1992 οἷόν
161 1951 196 1992 τε
216 1922 301 1992 εἶναι
319 1930 595 2014 κατεργάσασθαι.
639 1938 745 2013 φῦναι
763 1925 824 2013 μὲν
843 1940 976 2012 πρῶτον
999 1930 1081 2011 δεῖν,

10 2048 49 2088 ῦΚ,
64 2032 121 2099 καὶ
144 2043 244 2099 τοῦτο
267 2031 329 2120 μὲν
352 2043 391 2119 τῇ
414 2036 495 2121 τύχη
520 2035 765 2119 ἀποδεδόσθαι,
791 2037 832 2100 τά
856 2032 892 2100 δὲ
916 2031 966 2100 ἐπ’
993 2036 1082 2124 αὐτῷ

65 2141 128 2222 ἤδη
161 2147 207 2227 τῷ
236 2139 405 2228 ἀνθρώπω
437 2142 517 2207 τάδε
550 2137 650 2225 εἶναι,
681 2142 892 2226 ἐπιθυμητὴν
923 2141 1083 2226 γενέσθαι

65 2256 132 2310 τῶν
154 2250 266 2310 καλῶν
289 2243 345 2311 καί
368 2246 508 2329 ἀγαθῶν
532 2251 719 2332 φιλόπονόν
742 2273 776 2313 τε
799 2248 854 2313 καὶ
880 2253 1083 2334 πρωιαίτατα

65 2350 284 2434 μανθάνοντα
307 2350 362 2416 καλ
385 2356 493 2418 πολὺν
516 2356 641 2438 χρόνον
660 2354 774 2431 αύτοῖς
792 2357 1081 2420 συνδιατελοῦντα.
1097 2373 1123 2411 20

66 2460 96 2521 εί
114 2456 154 2521 δέ
169 2480 202 2522 τι
221 2456 358 2524 ἀπέσται
375 2459 504 2525 τούτων
522 2457 579 2524 καὶ
597 2459 644 2542 ἕν,
665 2459 725 2544 οὐχ
746 2452 819 2524 οἷόν
839 2458 876 2524 τέ
885 2460 984 2524 έστιν
1003 2457 1083 2525 οὐδὲ

65 2563 98 2640 ές
121 2562 215 2641 τέλος
241 2565 279 2628 τὸ
308 2566 411 2651 ἀκρον
439 2565 698 2651 ἐξεργάσασθαι,
727 2569 862 2651 ἔχοντος
890 2563 927 2631 δὲ
955 2567 1083 2631 ἅπαντα

64 2679 184 2751 ταῦτα,
215 2669 466 2755 ἀνυπέρβλητον
493 2675 642 2755 γίγνεται
673 2681 787 2757 τοῦτο,
822 2674 840 2737 ὅ
869 2695 900 2738 τι
930 2672 972 2737 ἀν
1000 2672 1083 2757 άσκη

64 2800 113 2852 τις
145 2786 214 2841 τῶν
244 2777 444 2863 ἀνθρώπων.
490 2779 522 2843 εί
548 2780 588 2862 δη
616 2777 672 2843 καὶ
700 2776 753 2844 ἐπὶ
780 2790 848 2843 τῶν
876 2780 986 2843 ἀλλων
1015 2779 1083 2842 ἐπι-

12 2892 199 2968 7Αστημῶν
228 2883 337 2968 ὀρθὸν
363 2892 478 2966 τοῦτο,
511 2887 603 2971 πόσῳ
633 2885 674 2968 δη
705 2883 807 2948 πλέον
840 2881 892 2948 ἐπὶ
924 2892 981 2966 τῆς
1008 2883 1122 2966 ἡγε-οὸ

64 2987 291 3071 μουικωτάτης
313 3000 429 3054 πασῶν
451 2999 519 3055 τῶν
541 2999 682 3074 τεχνῶν,
706 2992 923 3074 φιλοσοφίας;
957 2992 1083 3067 πόνους

65 3116 99 3158 τε
123 3095 176 3158 δεῖ
199 3094 322 3171 πάντας
346 3094 553 3179 ὑφίστασθαι
572 3098 734 3179 γενναίως
757 3093 812 3160 καὶ
830 3099 955 3180 χρόνον
973 3099 1082 3161 πολὺν

65 3203 320 3265 καταναλίσκειν
343 3203 390 3278 είς
412 3203 473 3285 την
496 3203 647 3285 μάθησιν
665 3205 861 3288 προθυμίαν
879 3226 913 3267 τε
937 3201 1082 3286 εἰσφέρε-

156 3398 172 3447 6
196 3388 316 3462 οὐδεμία
335 3413 377 3448 αν
401 3395 514 3464 scripsit
536 3396 574 3462 Κ,
603 3393 651 3462 qui
679 3396 743 3464 post
768 3389 837 3463 άλλη
865 3395 944 3450 addit
972 3397 1016 3462 είη
1043 3395 1085 3461 (οῖ

67 3462 100 3587 {fi
121 3463 311 3604 agam&
333 3466 390 3535 19):
418 3463 451 3519 ού
476 3464 508 3522 δὲ
533 3467 600 3537 μίαν
624 3459 661 3521 δν
688 3468 839 3536 mmm
861 3461 1110 3531 {mfflzww
