2430 3848
143 147 207 214 100
552 145 743 204 ιεαοιιοιει

141 304 280 396 μελέτην
312 309 443 394 ἐμποιεῖ
472 309 623 375 θανάτου
650 307 706 374 καὶ
734 311 1002 395 καταφρόνησιν,
1035 307 1089 374 ἐπὶ
1123 307 1162 375 δέ

141 418 202 500 τὴν
226 414 399 481 ἀθάνατον
421 413 476 480 καὶ
504 413 555 481 ἀεὶ
578 410 684 481 οὖσαν
708 416 795 500 ξοην
818 413 977 499 ἐπανάγει
1003 413 1162 495 καὶτοὺς

143 519 194 587 ἀεὶ
230 523 329 600 ὄντας
362 523 485 605 λόγους
521 520 738 588 ἀναδιδάσκει
772 519 828 586 καὶ
861 522 1001 598 τούτους
1038 525 1162 606 ζηλοῦν

143 628 255 712 ἐθίζει,
279 638 396 694 πασῶν
419 627 534 711 ἀνείη
557 626 613 693 καὶ
637 629 694 693 διδ
715 636 814 693 τοῦτο
840 627 1088 713 ὠφελιμωτάτη.

116 755 128 797 ι
221 733 296 801 Ἔτι
317 737 435 800 τοίνυν
465 734 527 800 ούκ
554 731 607 799 ἐπὶ
634 733 828 814 πλεονεξίαν
853 733 960 820 ὁρμᾶν
986 735 1052 819 δεί,
1081 732 1162 802 οὐδὲ

142 843 180 906 τὸ
204 840 324 926 κράτος
344 841 382 905 τὸ
406 837 459 906 ἐπὶ
481 847 521 926 τῇ
543 840 717 927 πλεονεξία
738 839 897 924 ἡγεῖσθαι
920 840 1041 925 ἀρετὴν
1065 835 1162 924 εἶναι,

142 948 180 1012 τὸ
205 942 242 1013 δὲ
264 956 332 1012 τῶν
355 949 469 1031 νόμιον
492 945 676 1013 ὑπακούειν
700 948 841 1012 δειλίαν·
865 947 1074 1033 πονηροτάτη
1098 949 1162 1032 γδιρ

144 1053 227 1137 αὕτη
255 1052 276 1137 η
305 1053 439 1120 διάνοια
462 1053 546 1137 ἐστι,
578 1050 634 1118 καὶ
666 1051 700 1132 ἐξ
732 1052 834 1136 αὐτῆς
863 1052 970 1118 πάντα
1001 1053 1162 1119 τάναντία

143 1170 213 1239 τοῖς
245 1159 388 1245 ἀγαθοῖς
418 1162 560 1245 γίνεται,
592 1160 690 1225 κακία
721 1182 756 1224 τε
787 1156 844 1225 καὶ
876 1159 992 1244 βλάβη.
1038 1161 1071 1224 εί
1097 1161 1162 1247 γὰρ

106 1288 131 1327 ιο
144 1269 275 1352 ἐφνσαυ
297 1264 359 1352 μὲν
379 1267 414 1332 οί
430 1269 606 1352 ἀνθρωποι
629 1264 790 1330 ἀδύνατοι
812 1260 891 1331 καθ’
913 1264 972 1331 ἕνα
996 1269 1065 1349 ζῆν,
1084 1282 1163 1332 συν-

144 1379 255 1457 ῆλθον
278 1368 316 1439 δὲ
338 1373 422 1458 πρὸς
444 1369 610 1455 ἀλλήλους
627 1380 667 1457 τῇ
685 1371 813 1457 ἀνάγκη
838 1377 992 1454 εἴκοντες,
1015 1381 1110 1465 πᾶσα
1125 1370 1163 1438 δὲ

145 1479 165 1561 ἡ
190 1480 253 1562 ζωὴ
278 1479 391 1556 αὐτοῖς
419 1477 555 1564 εύρηται
581 1476 637 1544 καὶ
665 1481 705 1544 τά
728 1482 913 1564 τεχνήματα
936 1481 1019 1566 πρὸς
1042 1479 1160 1564 αὐτην,
1179 1498 1207 1538 Ιε

145 1588 210 1650 σὺν
233 1584 388 1668 ἀλληλοις
411 1581 449 1650 δέ
476 1578 563 1650 εἶναι
590 1585 713 1664 αὐτοὺς
739 1584 795 1651 καὶ
823 1584 945 1672 ἀνομία
969 1587 1164 1652 διαιτᾶσθαι

146 1691 207 1775 οὐχ
231 1683 362 1757 οἷόντε
386 1690 498 1778 (μείζω
521 1692 584 1778 γάρ
603 1691 717 1769 αὐτοῖς
741 1693 859 1776 ζημίαν
877 1692 965 1758 οὕτω
984 1693 1165 1776 γίγνεσθαι

108 1817 134 1858 15
147 1796 274 1882 ἐκείνης
296 1799 458 1882 τηςκατδι
480 1796 540 1864 ἕνα
564 1798 717 1885 διαίτης),
744 1798 801 1862 διδι
822 1798 943 1875 ταύτας
965 1799 1084 1864 τοίνυν
1107 1799 1166 1877 τὰς

147 1904 293 1987 ἀνάγκας
324 1906 383 1971 τόν
414 1926 450 1969 τε
481 1906 589 1989 νόμον
618 1901 673 1969 καὶ
703 1904 742 1969 τὸ
771 1904 902 1969 δίκαιον
932 1903 1166 1989 ἐμβασιλεύειν

147 2020 217 2087 τοϊς
252 2009 446 2096 ἀνθρώποις
481 2007 538 2075 καὶ
578 2009 709 2095 οὐδαμῇ
747 2017 947 2094 μεταστῆναι
987 2009 1029 2076 ἀν
1067 2010 1165 2076 αύτά·

147 2117 248 2200 φύσει
265 2116 328 2201 γάρ
348 2116 467 2201 ίσχυρδι
485 2114 685 2181 ἐνδεδέσθαι
702 2125 813 2182 ταῦτα.
850 2117 882 2180 εί
899 2113 960 2200 μὲν
975 2117 1016 2199 δὴ
1031 2114 1165 2199 γένοιτύ

147 2243 197 2298 τις
220 2219 253 2298 ἐξ
277 2220 378 2307 ἀρχῆς
401 2222 507 2306 φύσιν
529 2222 663 2288 τοιάνδε
686 2224 783 2308 ἔχων,
808 2223 953 2306 ἄτρωτος
976 2223 1035 2289 τὸν
1054 2234 1166 2308 χρῶτα

108 2349 135 2390 ει
148 2327 270 2404 ἀνοσός
291 2349 328 2392 τε
350 2325 405 2392 καὶ
428 2326 561 2412 ἀπαθὴς
589 2328 645 2394 καὶ
667 2329 842 2414 ὑπερφυὴς
863 2326 919 2395 καὶ
942 2329 1167 2414 ἀδαμάντινος

148 2435 186 2498 τύ
209 2455 244 2498 τε
273 2443 366 2519 σῶμα
389 2432 445 2499 καὶ
467 2436 529 2518 την
552 2438 679 2521 ψυχήν,
706 2443 752 2523 τῷ
781 2437 920 2523 τοιούτῳ
945 2441 1024 2513 ίσοις
1047 2436 1089 2501 ἀν
1116 2458 1167 2513 τις
1181 2453 1207 2494 29

149 2537 263 2623 ἀρκεῖν
287 2539 420 2624 ἐνόμισε
448 2541 485 2605 τὸ
509 2539 562 2606 ἐπὶ
589 2550 630 2626 τῇ
657 2541 830 2629 πλεονεξία
857 2542 977 2628 κράτος
1001 2541 1073 2628 (τὸν
1102 2543 1167 2629 γδιρ

148 2652 304 2709 τοιοῦτον
336 2651 381 2730 τῷ
413 2647 505 2732 νόμῳ
537 2647 581 2730 μὴ
609 2645 823 2713 ὑποδύνοντα
852 2648 1020 2712 δύνασθαι
1048 2646 1167 2736 ἀθῷον

150 2744 269 2837 εἶναι),
297 2748 338 2815 οὐ
366 2751 433 2834 μην
461 2749 573 2837 ὀρθῶς
601 2748 699 2830 οὗτος
727 2759 842 2818 οίεταα
870 2754 902 2818 εί
926 2754 991 2837 γὰρ
1017 2751 1072 2818 καὶ
1100 2777 1167 2819 τοι-

111 2879 137 2921 ιι
151 2859 249 2933 οῢτός
275 2879 326 2933 τις
353 2861 419 2940 είη,
452 2857 497 2935 ὡς
525 2858 586 2924 ούκ
614 2858 656 2926 άν
683 2858 830 2943 γένοιτο,
862 2869 932 2936 τοῖς
961 2857 1023 2943 μὲν
1050 2862 1168 2945 νόμοις

152 2973 333 3047 συμμαχῶν
361 2961 417 3028 καὶ
438 2971 484 3051 τῷ
508 2965 625 3052 δικαίῳ
649 2963 704 3030 καὶ
726 2974 830 3031 ταῦτα
852 2965 1027 3051 κρατύνων
1049 2963 1104 3030 καὶ
1128 2975 1167 3051 τῇ

152 3068 242 3151 ἰσχύι
268 3071 438 3155 χρώμενος
464 3067 518 3135 ἐπὶ
545 3072 648 3136 ταῦτά
675 3094 710 3136 τε
737 3069 855 3137 καὶτὰ
882 3072 1013 3148 τούτοις
1035 3069 1167 3138 ἐπικου·

152 3183 292 3258 ροῦυτα,
324 3175 411 3241 οὕτω
439 3171 500 3259 μὲν
523 3173 565 3240 ἀν
593 3174 730 3263 σῴζοιτο
753 3177 771 3243 ὁ
799 3186 965 3260 τοιοῦτος,
994 3178 1102 3256 άλλως
1131 3175 1166 3243 δὲ

153 3279 214 3344 οὐκ
246 3279 287 3344 δν
320 3279 483 3364 διαμένοι·
517 3281 629 3347 δοκεῖν
655 3283 719 3370 γδιρ
750 3283 792 3348 διν
819 3285 899 3361 τοὺς
931 3283 1078 3361 ἅπαντας
1111 3285 1166 3351 ἀν-

101 3584 106 3591 .
136 3534 145 3569 ,ι
234 3510 252 3556 7
267 3507 382 3563 δειλίαν
400 3511 434 3565 A:
460 3509 512 3565 δεῖ
523 3511 660 3582 λίαυΙΓὶδ
681 3479 866 3583 ἐπαμύνοντοι
881 3495 955 3566 nimi.
973 3511 1093 3568 vitellis
