2430 3848
121 155 186 220 114
533 151 724 207 IAMBLIOHI

120 311 206 383 εἶναι
225 315 349 398 αὐτοῖς,
371 314 684 402 έπισφραγιζόμενοι
703 312 767 378 ἀπὸ
786 323 853 378 τῶν
872 313 1002 380 ἐκείνου
1021 316 1140 398 ἔργων.

121 424 174 488 ὅτε
192 424 256 508 γάρ
275 422 390 507 ὡμίλει
408 417 478 486 κατ’
498 419 711 506 ἀνθρώπους,
730 418 888 496 πολλάκις
906 418 943 486 έκ
961 421 1067 506 πυρὸς
1085 417 1141 484 καὶ

120 529 255 594 πάντων
287 539 354 594 τῶν
387 528 588 593 δεινοτάτων
619 525 793 591 άπενόστει
825 527 928 591 ὄκνον
959 528 1141 611 παραιτού-

121 655 235 720 μενος·
258 635 295 701 έκ
317 636 381 720 γάρ
402 643 462 699 τοῦ
485 633 642 720 πράττειν
664 630 719 699 καὶ
743 632 939 718 ἐργάζεσθαι
961 634 1000 698 τὸ
1023 655 1142 719 κατορ·

95 747 211 807 σθοῦν
234 743 485 828 παραγίγνεται,
509 733 580 804 ἀλλ’
607 739 669 805 οὐκ
692 738 728 805 ἐκ
750 747 811 805 τοῦ
834 739 1002 804 ἀποκνεῖν.

69 853 107 910 ια’
214 849 259 913 Τὸ
289 843 326 911 δὲ
353 848 410 924 είς
441 842 511 932 μέν
544 845 742 930 ὑπόδησιν
773 846 843 911 τὸν
876 843 1009 923 δεξιὸν
1041 845 1143 910 πόδα

122 954 280 1039 πάρεχε,
309 953 365 1029 είς
394 947 436 1019 δέ
462 953 734 1036 ποδόνιπτρον
761 951 831 1016 τὸν
858 951 1066 1036 εὐώνυμον
1097 953 1144 1028 είς

122 1061 183 1142 τὴν
215 1060 397 1145 πρακτικὴν
430 1061 598 1144 φρόνησιν
631 1062 827 1144 παρακαλεῖ,
859 1058 917 1135 τάς
950 1053 1012 1142 μὲν
1040 1071 1144 1122 σπου-

124 1167 220 1244 δαίας
242 1165 375 1252 πράξεις
393 1165 438 1242 ὡς
457 1163 566 1243 δεξιάς
583 1166 818 1249 περιτίθεσθαι
839 1161 1071 1249 παραγγέλλον
1092 1163 1144 1246 [τὸ

84 1290 109 1329 1⁰
124 1273 325 1357 σάμβολον],
353 1273 410 1348 τάς
440 1267 477 1336 δέ
501 1270 631 1354 φαύλας
654 1269 699 1346 ὡς
722 1269 895 1357 άριστερδις
919 1268 1145 1335 ἀποτίθεσθαι

123 1378 312 1443 παντάπασι
334 1375 390 1441 καὶ
413 1376 696 1462 ἀπορράπτεσθαι.

70 1487 107 1564 ιβ’
212 1483 369 1548 Μάλιστα
394 1479 430 1547 δὲ
453 1483 491 1547 τὸ
515 1480 604 1568 περὶ
628 1486 922 1568 Πυθαγορείων
946 1483 1042 1548 άνευ
1065 1506 1145 1564 φω-

124 1591 188 1667 τὸς
210 1590 260 1674 μὴ
285 1590 395 1682 λάλει
418 1590 664 1676 παρακλητικόν
687 1587 777 1654 ἐστιν
804 1591 851 1666 είς
874 1589 934 1664 τὸν
955 1588 1039 1654 κατά
1061 1589 1144 1673 φρό-
1158 1603 1192 1644 εν

126 1712 224 1780 νησιν
248 1704 342 1761 νοῦν.
389 1690 486 1772 οὗτος
508 1696 572 1781 γάρ
595 1703 640 1784 τῷ
665 1691 751 1779 φωτὶ
775 1695 859 1759 ἔοικε
879 1703 937 1778 τῆς
959 1701 1067 1778 ψυχῆς
1090 1691 1146 1760 καὶ

86 1819 111 1859 1⁵
126 1801 283 1888 ἀόριστον
311 1796 417 1887 οὖσαν
446 1800 551 1883 αὐτὴν
579 1800 695 1887 ὁρίζει,
726 1800 876 1886 περιάγει
907 1823 942 1865 τε
970 1801 1081 1885 ὥσπερ
1110 1798 1147 1865 ἐκ

126 1911 247 1974 σκότου
270 1909 317 1984 είς
339 1918 420 1992 φῶς.
461 1903 537 1991 περὶ
559 1907 695 1972 πάντων
718 1903 780 1990 μὲν
799 1901 861 1972 οὖν
879 1916 947 1972 τῶν
965 1904 1003 1973 έν
1021 1913 1060 1991 τη
1081 1908 1145 1990 ζωῇ
1160 1921 1192 1963 ωε

125 2020 236 2080 καλῶν
264 2013 411 2098 ἡγεμόνα
439 2020 525 2078 νοῦν
550 2015 776 2098 προΐστασθαι
803 2015 977 2098 προσήκει,
1004 2012 1146 2097 μάλιστα

126 2116 187 2204 μὲν
211 2114 273 2184 οὖν
291 2115 367 2203 περὶ
386 2116 453 2183 τῶν
473 2120 721 2204 Πυθαγορείων
745 2118 933 2203 δογμάτων·
955 2126 1059 2184 ταῦτα
1082 2119 1146 2202 γάρ

127 2225 208 2290 ἀνευ
232 2225 343 2307 φωτὸς
367 2224 428 2308 οὐχ
452 2214 525 2288 οἷόν
548 2222 586 2289 τέ
607 2223 675 2289 ἐστι
698 2237 836 2307 γνῶναι.

76 2336 110 2409 ιγ’
220 2331 264 2395 Τὸ
299 2326 336 2394 δὲ
370 2331 487 2413 ζυγὸν
519 2331 567 2415 μὴ
601 2330 861 2416 ὑπερβαίνειν
895 2332 1147 2416 δικαιοπραγεῖν

88 2458 113 2497 ιι
128 2437 385 2523 παρακελεύεται
417 2434 473 2500 καὶ
504 2445 669 2522 προτιμᾶν
703 2438 837 2522 ἰσότητα
868 2434 924 2502 καὶ
951 2439 1148 2523 μετριότητα

128 2551 331 2627 θαυμαστῶς
350 2541 404 2607 καὶ
423 2543 484 2625 τὴν
506 2544 715 2627 τελειοτάτην
740 2541 860 2628 ἀρετὴν
879 2544 1080 2626 γιγνώσκειν
1100 2545 1148 2608 δι-

128 2651 328 2732 καιοσύνην,
359 2643 399 2731 ἧς
427 2647 697 2733 συμπληρωτικαὶ
725 2649 763 2714 αί
783 2647 895 2714 λοιπαὶ
921 2647 978 2714 καὶ
1000 2645 1040 2733 ἧς
1064 2649 1148 2714 ἀνευ

129 2767 196 2821 τῶν
211 2756 321 2820 ἀλλων
337 2750 438 2818 οὐδὲν
451 2755 584 2838 όφελος·
599 2752 655 2819 καὶ
670 2753 711 2819 οὐ
724 2753 897 2840 παρέργως
907 2755 1012 2838 αὐτὴν
1023 2754 1149 2821 εἰδέναι

89 2880 115 2922 ιι
129 2864 202 2948 χρη,
227 2861 309 2926 ἀλλά
333 2861 388 2926 διά
411 2860 639 2947 θεωρημάτων
661 2858 717 2926 καὶ
741 2860 995 2945 έπιστημονικης
1015 2861 1148 2927 ἀποδεί-

130 2968 218 3047 ξεως.
246 2976 345 3032 τοῦτο
361 2966 397 3032 δὲ
413 2967 569 3052 οὐδεμιᾶς
584 2968 685 3051 άλλης
699 2968 798 3052 ἔργον
813 2964 883 3033 ἐστὶ
895 2965 1013 3052 τέχνης
1023 2966 1149 3033 εἰδέναι

130 3072 184 3140 καλ
204 3073 383 3156 ἐπιστήμης
405 3074 492 3155 πλὴν
511 3075 615 3156 μόνης
634 3075 837 3157 φιλοσοφίας
857 3082 914 3157 τῆς
931 3075 1015 3139 κατά
1029 3079 1149 3138 Πυθα·

130 3184 245 3267 γόραν,
265 3181 336 3264 ἥτις
350 3178 522 3265 ἐξαιρέτως
535 3189 602 3244 τῶν
616 3180 727 3244 ἀλλων
745 3180 786 3244 τά
800 3183 981 3264 μαθήματα
994 3187 1148 3266 προτιμᾷ.

78 3291 115 3349 ιδ’
219 3289 279 3364 Είς
298 3285 398 3352 ταύτὸ
418 3283 455 3351 δέ
470 3285 564 3371 φέρει
578 3282 684 3350 καὶτὸ
705 3285 917 3370 ἀποδημῶν
935 3295 1001 3370 τῆς
1021 3287 1150 3362 οίκίας

220 3451 235 3499 6
253 3445 342 3498 immo
357 3439 494 3498 ὑπόδεσιν
509 3442 556 3497 hic
571 3445 600 3497 et
608 3460 635 3511 p.
648 3448 707 3508 107,
719 3448 751 3497 10
763 3443 808 3510 (cf.
819 3442 918 3498 Nauck
933 3443 970 3497 ad
979 3441 1080 3498 Iambl.
1091 3438 1149 3498 vit.

112 3511 199 3579 Pyth.
209 3533 240 3583 φ,
253 3521 309 3571 233
318 3517 373 3587 sq.)
385 3518 398 3586 n
412 3522 478 3586 9sq.
495 3512 528 3571 τὸ
544 3510 684 3586 σύμβολον
701 3513 865 3583 δελοιὶηλθ
880 3511 929 3581 μὲν
945 3505 1015 3582 οὖνλ
1026 3512 1091 3568 fort.
1106 3511 1149 3568 δὲ.
