2430 3848
393 178 666 236 Ρωονειωενιοοε
685 183 719 250 (0.
735 183 804 252 vn).
1063 181 1107 246 43

87 343 217 408 ούκούν
240 351 298 425 τῆς
322 350 532 427 φρονήσεως,
561 344 603 426 ἥν
631 367 742 429 φαμεν
766 347 911 430 δύναμιν
933 341 1019 410 εἶναι
1046 353 1107 410 τοῦ

86 450 297 532 κυριωτάτου
316 459 384 515 τῶν
403 449 440 514 ἐν
458 449 549 534 ἡμῖν,
569 449 736 517 οὐκέστιν
755 453 973 538 αἱρετώτερον
993 450 1105 534 οὐδέν,

88 557 135 632 ὡς
158 555 223 635 έξις
246 557 329 642 πρὸς
351 555 420 635 ἕξιν
438 559 628 641 κρίνεσθαι·
653 559 691 624 τὸ
715 560 778 644 γάρ
801 560 988 642 γνωστικὸν
1006 558 1106 644 μέρος

86 661 144 727 καὶ
175 660 276 749 χωρὶς
307 659 364 727 καὶ,
396 665 614 746 συγκείμενον
644 663 777 747 βέλτιόν
810 665 879 730 ἐστι
910 666 1018 748 πάσης
1048 673 1106 747 τῆς

87 779 211 854 ψυχῆς,
247 770 369 835 τούτου
402 765 439 833 δὲ
472 768 632 853 ἐπιστήμη
666 770 774 856 ἀρετή.
821 772 885 837 οὐκ
915 773 980 857 ἀρα
1014 769 1132 836 ἐστὶνῡ

88 880 190 959 ἔργον
213 877 314 959 αύτής
337 876 477 960 οὐδεμία
499 888 567 941 τῶν
589 878 672 942 κατά
694 876 795 961 μέρος
817 877 1007 963 λεγομένων
1031 877 1105 963 ἀρε-

88 994 172 1048 τῶν·
193 993 310 1048 πασῶν
328 983 392 1069 γάρ
412 981 481 1046 ἐστι
500 985 651 1066 βελτίων,
674 985 711 1048 τὸ
732 981 769 1048 δὲ
789 986 993 1069 ποιούμενον
1011 984 1105 1062 τέλος

88 1087 138 1154 ἀεὶ
165 1091 316 1175 κρεῖττόν
344 1088 413 1153 ἐστι
441 1097 498 1172 τῆς
525 1089 686 1172 ποιούσης
709 1089 901 1174 ἐπιστήμης·
931 1088 1011 1156 οὐδὲ
1038 1093 1104 1175 μήν

48 1213 75 1252 1(-
88 1196 198 1261 ἀπασα
226 1205 284 1279 τῆς
312 1204 419 1279 ψυχῆς
447 1194 545 1281 ἀρετή
574 1196 679 1273 οὕτως
714 1199 814 1281 ἔργον
841 1192 915 1261 οὐδ’
945 1197 965 1280 η
994 1197 1104 1262 εὐδαι-

42 1305 196 1386 ’Δ-μονία.
244 1304 275 1367 εί
304 1303 368 1387 γὰρ
398 1305 489 1367 ἔσται
520 1305 689 1386 ποιητική,
722 1302 816 1389 ἑτέρα
852 1301 973 1389 ἑτέρων
1000 1306 1102 1388 ἔσται,
1119 1320 1145 1360 10

87 1408 198 1495 ὥσπερ
231 1409 425 1493 οἰκοδομική
459 1410 579 1492 οίκίας,
617 1410 689 1492 ἥτις
721 1410 782 1475 ούκ
815 1413 884 1475 ἐστι
915 1409 1015 1496 μέρος
1046 1420 1104 1495 τῆς

88 1517 210 1598 οίκίας,
233 1516 254 1599 ή
278 1514 392 1600 μέντοι
415 1517 579 1600 φρόνησις
602 1518 722 1600 μόριον
740 1524 798 1599 τής
821 1516 939 1602 ἀρετῆς
961 1517 1030 1582 ἐστι
1048 1516 1103 1582 καὶ

86 1631 143 1705 τῆς
175 1621 402 1706 εὐδαιμονίας·
434 1621 455 1705 ή
488 1623 551 1708 γάρ
580 1621 616 1686 ἐκ
643 1623 765 1704 ταύτης
791 1621 812 1704 ή
840 1624 965 1706 ταύτην
992 1622 1103 1708 φαμὲν

88 1723 175 1793 εἶναι
202 1729 264 1812 τήν
292 1729 519 1814 εὐδαιμονίαν.
567 1728 692 1794 οὐκοῦν
718 1725 772 1794 καί
803 1730 885 1792 κατὰ
913 1731 972 1793 τὸν
999 1732 1102 1812 λόγον

87 1843 209 1900 τοῦτον
233 1835 402 1900 ἀδύνατον
421 1830 507 1899 εἶναι
530 1835 592 1918 τήν
613 1833 796 1919 ἐπιστήμην
814 1836 1005 1918 ποιητικήν·
1028 1833 1101 1918 βέλ-
1119 1852 1143 1892 15

87 1964 160 2006 τιον
183 1942 247 2026 γὰρ
272 1943 326 2005 δεῖ
345 1942 383 2006 τὸ
406 1939 500 2017 τέλος
518 1935 604 2007 εἶναι
626 1951 687 2006 τοῦ
708 1939 920 2026 γιγνομένου,
945 1937 1047 2006 ούδέν
1065 1938 1102 2007 δέ

88 2045 221 2130 βέλτιον
243 2042 330 2113 εἶναι
353 2050 564 2133 φρονήσεως,
593 2048 680 2131 πλήν
704 2053 738 2112 εί
755 2071 787 2112 τι
810 2059 878 2113 τῶν
906 2046 1102 2133 εἰρημένων,

87 2155 218 2220 τούτων
246 2152 284 2220 δέ
312 2152 414 2219 οὐδὲν
443 2153 557 2240 ἕτερον
580 2155 681 2238 αύτής
704 2153 795 2219 ἐστιν
818 2157 926 2240 ἐργον.
972 2161 1102 2242 θεωρη-

87 2263 183 2342 τικήν
209 2285 286 2326 τινα
313 2263 377 2346 ἀρα
405 2259 531 2345 φατέον
554 2256 640 2327 εἶναι
670 2263 796 2345 ταύτην
822 2261 884 2344 τήν
908 2262 1101 2347 ἐπιστήμην,

88 2367 221 2452 ἐπείπερ
244 2367 412 2433 ἀδύνατον
435 2371 571 2451 ποίησιν
596 2362 682 2432 εἶναι
704 2369 741 2432 τὸ
760 2366 861 2443 τέλος.
903 2369 940 2433 τὸ
960 2383 1102 2454 φρονεῖν
1117 2386 1143 2424 2⁰

88 2475 151 2560 ἀρα
173 2472 230 2539 καὶ
253 2476 290 2540 τὸ
313 2480 458 2561 θεωρεῖν
481 2477 582 2559 ἔργον
604 2484 662 2557 τῆς
685 2475 801 2559 ἀρετῆς
831 2473 901 2538 ἐστι
924 2472 1101 2541 καὶτοῦτο

87 2582 223 2646 πάντων
256 2579 346 2647 ἐστὶν
383 2582 604 2666 αἱρετώτατον
637 2590 707 2658 τοῖς
744 2580 963 2674 ἀνθρώποις,
991 2580 1101 2667 ὥσπερ

88 2682 179 2772 οἶμαι
201 2685 316 2752 καὶτὸ
340 2699 410 2764 τοῖς
433 2689 577 2772 ὄμμασιν
601 2686 699 2771 ὁρᾶν,
729 2686 746 2751 ὃ
776 2683 832 2750 καὶ
855 2685 964 2751 έλοιτό
987 2710 1036 2765 τις
1060 2687 1102 2754 ἀν

87 2796 189 2878 ἐχειν,
221 2796 252 2858 εί
277 2791 332 2859 καὶ
355 2797 400 2878 μή
427 2817 459 2858 τι
489 2793 603 2878 μέλλοι
632 2795 811 2876 γίγνεσθαι
834 2789 880 2856 δι’
911 2793 991 2857 αύτὸ
1020 2791 1097 2878 παρ’

88 2900 194 2983 αὐτήν
212 2901 274 2983 τὴν
297 2902 377 2978 ὄφιν
401 2899 523 2985 ἕτερον.
566 2902 614 2965 ἐτι
633 2901 663 2965 εί
683 2899 721 2964 τὸ
745 2898 828 2982 ὁρῶν
852 2897 1030 2982 ἀγαπῶμεν
1054 2899 1098 2963 δι’
1116 2917 1143 2956 2⁵

88 3005 202 3090 ἑαυτό,
231 3008 352 3085 ίκανῶς
374 3017 538 3093 μαρτυρεῖ
561 3015 660 3072 τοῦτο
684 3007 735 3071 ὅτι
757 3005 878 3082 πάντες
899 3006 937 3070 τὸ
961 3016 1103 3091 φρονεῖν

88 3112 142 3178 καὶ
179 3115 216 3178 τὸ
254 3116 453 3198 γιγνώσκειν
490 3113 635 3197 ἐσχάτως
671 3113 853 3196 ἀγαπῶσιν.
904 3114 952 3177 ἐτι
988 3119 1022 3176 εί
1053 3136 1103 3190 τις

42 3233 76 3273 11·
89 3219 199 3307 ἀγαπᾷ
228 3223 304 3286 τόδε
331 3244 363 3286 τι
388 3221 444 3286 διά
470 3221 508 3286 τὸ
532 3218 777 3304 συμβεβηκέναι
799 3218 913 3302 ἕτερον
942 3218 1030 3306 αὐτῷ
1059 3242 1101 3303 τι,

89 3327 193 3410 δῆλον
216 3327 268 3392 ὅτι
291 3321 536 3411 μᾶλλονοῦτος
555 3327 754 3408 βουλήσεται
772 3316 798 3412 ᾧ
818 3328 945 3408 μᾶλλον
963 3324 1103 3410 ὑπάρχει

88 3473 302 3480 ---,--.

171 3554 269 3608 Mor&
290 3550 327 3618 ἀς
346 3554 407 3622 ἕξιν
425 3559 438 3628 ΙΙ
458 3564 491 3615 17
513 3558 581 3616 fort.
608 3554 726 3635 βέλτιὸν
755 3551 910 3628 Reum&
933 3545 971 3605 δι’
1003 3539 1103 3600 αῶτοῶ
1115 3536 1166 3585 K·
