2430 3848
319 189 593 245 PROTREPTICUS
613 191 646 259 (ο.
662 189 734 244 XIII.
747 188 813 243 XIV
814 193 833 258 ).
1041 189 1083 255 73

69 351 126 418 καὶ
141 350 254 434 οὐδέν,
274 350 458 436 ἀτιμάσασα
472 359 620 437 πανταχῇ
639 351 795 417 πέτεται
813 354 894 418 κατά
909 353 1085 439 Πίνδαρον

69 459 115 523 τά
138 481 177 523 τε
197 467 268 540 γάς
286 456 483 544 ὑπένερθε
506 457 570 523 καί
592 460 636 524 τά
655 459 819 525 ἐπίπεδα
840 469 1084 544 γεωμετροῦσα,

71 565 221 652 οὐρανοῦ
235 587 271 629 τε
284 565 368 648 ὕπερ
385 564 639 650 ἀστρονομοῦσα
658 563 712 630 καλ
730 575 841 631 πᾶσαν
859 566 966 650 πάντη
980 568 1085 650 φύσιν

71 669 282 758 έρευνωμένη
306 681 373 735 τῶν
396 672 506 735 όντων
529 669 668 737 ἑκάστου
696 672 794 754 όλου,
823 673 870 749 είς
897 683 963 737 τῶν
987 673 1086 756 ἐγγὺς

71 774 174 844 οὐδὲν
211 775 333 860 έαυτην
370 783 599 859 συγκαθιείσα.
655 779 765 865 ὥσπερ
803 779 843 862 δη
880 777 936 844 καί
973 784 1114 863 (θαλῆυε

72 884 345 971 ἀστρονομοῦντα
377 880 441 949 καὶ.
464 881 693 965 ἀναβλέποντα
724 887 868 950 πεσόντα
900 887 948 963 είς
979 885 1086 971 φρέαρ

73 990 205 1077 Θρᾷττά
236 1013 285 1067 τις
317 989 457 1073 ἐμμελὴς
492 987 547 1054 καὶ
579 992 737 1075 χαρίεσσα
773 989 973 1077 θεραπαινίς
1008 992 1088 1058 ἀπο-

73 1107 204 1175 σκῶψαι
236 1095 380 1178 λέγεται,
413 1095 458 1171 ὡς
488 1096 529 1159 τὰ
561 1091 622 1179 μὲν
650 1095 687 1161 ἐν
716 1095 849 1184 οὐρανῷ
877 1104 1087 1183 προθυμοῖτο

73 1201 215 1286 είδέναι,
245 1203 285 1267 τά
315 1199 352 1266 δὲ
380 1203 522 1266 όπισθεν
549 1201 653 1266 αὐτοῦ
681 1199 737 1266 καί
759 1204 849 1288 παρά
877 1204 983 1280 πόδας
1010 1208 1088 1268 λαν-

10 1328 58 1368 4Κ.
72 1309 177 1374 θάνοι
207 1307 317 1373 αὐτόν.
362 1308 485 1373 ταύτὸν
513 1304 549 1372 δδ
580 1307 676 1394 ἀρκεῖ
703 1319 841 1394 σκῶμμα
874 1307 927 1375 ἐπὶ
962 1310 1088 1387 πάντας
1103 1329 1129 1368 10

74 1415 149 1481 ὅσοι
177 1413 213 1480 έν
241 1415 426 1500 φιλοσοφίᾳ
454 1414 618 1497 διάγουσι.
663 1421 710 1502 τῳ
737 1416 801 1500 γάρ
835 1417 908 1480 όντι
935 1417 994 1481 τὸν
1021 1441 1089 1482 τοι-

75 1530 176 1587 οὕτον
200 1520 218 1586 ὁ
242 1517 303 1604 μέν
325 1523 467 1604 πλησίον
490 1517 545 1585 καλ
569 1520 725 1603 ὁγείτων
744 1520 898 1604 λέληθεν,
923 1523 964 1587 οὐ
982 1526 1089 1608 μόνον

75 1628 93 1693 ὅ
116 1651 148 1691 τι
171 1628 316 1714 πράττει,
340 1624 411 1691 ἀλλ’
439 1626 556 1709 ὀλίγον
579 1623 634 1690 καὶ
658 1626 733 1710 <εί>
756 1628 936 1711 ἀνθρωπός
960 1628 1089 1712 έστινίλ

75 1757 107 1798 τι
135 1735 216 1798 άλλο
243 1732 389 1818 θρέμμα·
420 1735 455 1797 τί
481 1734 523 1815 δη
550 1729 623 1798 ποτ’
655 1730 746 1798 ἐστίν
774 1734 954 1816 ἀνθρωπος
980 1732 1035 1799 καὶ
1058 1738 1094 1798 τί

75 1849 115 1924 τῇ
147 1841 282 1924 τοιαύτη
315 1840 415 1925 φύσει
447 1841 608 1924 προσήκει
640 1838 805 1924 διαφέρον
832 1849 899 1903 τῶν
931 1841 1042 1905 ἀλλων
1070 1839 1135 1924 ἣτε

10 1964 62 2007 οε.
77 1957 187 2012 ποιεῖν
209 1945 229 2030 ἢ
252 1946 406 2030 πάσχειν,
436 1948 525 2028 ζητεῖ
544 1968 579 2010 τε
602 1943 658 2010 καὶ
680 1939 843 2031 πράγματ’
870 1947 936 2029 ἔχει
965 1947 1092 2031 διερευ-

77 2053 235 2136 νώμενος.
272 2052 442 2137 τοιγάρτοι
464 2052 534 2138 ίδίῳ
556 2074 592 2117 τε
615 2055 878 2136 συγγιγνόμενος
901 2052 919 2117 ὁ
942 2062 1093 2131 τοιοῦτος

78 2157 203 2245 ἑκάστῳ
223 2156 278 2223 καὶ
298 2159 453 2244 δημοσίῳ,
473 2158 553 2222 ὅταν
572 2157 609 2223 ἐν
627 2160 828 2247 δικαστηρίῳ
846 2160 868 2242 ἤ
886 2180 952 2224 που
971 2161 1094 2225 ἀλλοθι

78 2265 275 2348 ἀναγκασθῇ
298 2262 463 2350 περὶτῶν
486 2265 575 2347 παρά
602 2265 708 2342 πόδας
729 2263 785 2329 καὶ
812 2276 880 2329 τῶν
903 2264 940 2330 ἐν
963 2267 1093 2350 ὀφθαλ-

78 2381 154 2456 μοῖς
177 2368 403 2454 διαλέγεσθαι,
427 2368 553 2453 γέλωτα
575 2368 710 2454 παρέχει
734 2369 775 2433 οὐ
799 2373 904 2453 μόνον
929 2370 1093 2458 Θρᾴτταις
1107 2392 1135 2431 ευ

78 2477 162 2542 ἀλλά
191 2474 246 2543 καὶ
272 2484 317 2563 τῳ
347 2477 436 2564 ἀλλῳ
466 2477 570 2562 όχλῳ,
603 2476 651 2551 είς
680 2474 807 2559 φρέατά
837 2498 872 2540 τε
898 2475 954 2541 καὶ
983 2485 1094 2542 πάσαν

78 2583 223 2668 ἀπορίαν
251 2582 419 2668 ἐμπίπτων
450 2582 516 2647 ὑπὸ
549 2581 714 2667 ἀπειρίας,
747 2581 802 2649 καὶ
829 2583 850 2667 ἡ
878 2583 1093 2670 ἀσχημοσύνη

78 2691 186 2773 δεινή,
210 2688 312 2766 δόξαν
334 2689 531 2776 άβελτηρίας
553 2688 773 2775 παρεχομένη.
818 2693 855 2756 έν
877 2715 913 2756 τε
936 2693 1000 2775 γάρ
1023 2703 1095 2769 ταῖς

77 2796 264 2882 λοιδορίαις
296 2796 385 2861 ίδιον
413 2797 478 2881 ἔχει
512 2791 613 2860 οὐδέν
644 2794 768 2860 οὐδένα
799 2798 968 2883 λοιδορεῖν
996 2797 1095 2875 αὐτὸς

79 2902 142 2968 οὐκ
166 2904 262 2979 είδὼς
285 2903 388 2967 κακὸν
411 2898 513 2966 οὐδὲν
537 2901 676 2977 οὐδενὸς
704 2901 740 2966 ἐκ
764 2910 824 2966 τοῦ
852 2902 896 2986 μη
920 2908 1093 2988 μεμελετη-
1108 2921 1136 2962 τε

77 3008 187 3075 κέναι·
211 3009 346 3093 ἀπορῶν
370 3002 432 3073 οὖν
455 3013 585 3090 γελοῖος
607 3010 775 3090 φαίνεται·
800 3010 837 3073 ἔν
855 3032 889 3074 τε
911 3020 982 3087 τοῖς
1005 3011 1094 3077 ἐπαί-

78 3139 154 3193 νοις
172 3113 226 3180 καλ
245 3125 316 3191 ταῖς
330 3125 398 3180 τῶν
412 3117 523 3180 άλλων
537 3117 773 3200 μεγαλαυχίαις
793 3115 834 3180 οὐ
852 3120 1094 3202 προσποιητως,

155 3279 168 3324 1
187 3271 331 3327 distinctio
345 3274 411 3341 post
425 3267 510 3326 οὐδέν
525 3274 568 3326 est
581 3271 610 3325 in
621 3273 716 3327 codice
730 3274 740 3340 ΙΙ
754 3279 770 3326 3
785 3268 1072 3340 ὑπεραστρονομοάσα
1093 3274 1096 3347 λ

80 3351 96 3399 6
112 3339 173 3398 άνω
190 3342 327 3416 βλέποντα
343 3349 371 3397 et
386 3341 607 3411 θέμπροσθενΡ
621 3345 630 3411 ΙΙ
645 3349 678 3397 13
693 3341 722 3397 εί
733 3342 799 3396 exP
813 3343 922 3397 addidit
935 3343 960 3396 A
973 3346 983 3413 ΙΙ
998 3352 1031 3400 14
1045 3275 1095 3416 δήδ

78 3414 113 3470 δέ
133 3414 181 3468 ΡΑ
195 3416 204 3483 ΙΙ
217 3408 371 3482 ἅνθρωπος
389 3429 453 3467 eum
472 3413 578 3468 Cobeto
600 3413 699 3467 malim
717 3415 726 3483 ΙΙ
745 3418 778 3467 17
798 3410 1017 3482 συγγιγνόμευος
1035 3417 1099 3468 Pk.

79 3483 311 3555 συγγιγνομένοις
329 3485 340 3554 λλ
364 3489 397 3538 18
421 3480 531 3559 ἑκάστῳ
551 3483 615 3540 PK:
639 3482 761 3550 ἕκαστος
778 3485 857 3556 ΜΛ
874 3481 986 3552 αυτοςΧ
993 3480 1037 3535 ’ἀπ’
1060 3484 1087 3532 ἳ
1100 3481 1133 3545 XX

75 3562 115 3610 27
132 3555 333 3624 προσποιητάς.
