2430 3848
115 167 158 232 26
529 164 718 220 IAMBLIOHI

115 328 169 395 καὶ
192 330 298 394 πολλά
320 329 476 412 πράττειν
500 336 584 393 νοῦν
613 328 656 412 μὴ
681 330 799 412 ἔχοντα
825 333 951 412 μᾶλλον
973 327 994 412 ἢ
1019 328 1132 413 ὀλίγα;

116 436 176 520 οὐχ
197 432 291 520 ὁμὲν
307 435 428 500 ἐλάττω
442 435 597 522 πράττων
616 434 738 499 ἐλάττω
758 434 983 520 ἐξαμαρτάνει,
1008 433 1132 500 ἐλάττω

116 539 146 606 δ’
179 542 413 629 ἐξαμαρτάνων
440 537 540 624 ἦττον
568 540 609 605 άν
636 551 744 617 κακῶς
774 541 926 626 πράττοι,
959 535 1060 623 ἦττον
1093 538 1132 607 δέ

114 659 221 725 κακῶς
239 648 393 733 πράττων
412 649 531 723 άθλιος
554 646 595 711 άν
615 641 714 730 ἦττον
733 652 798 730 είη;
823 657 1008 731 συγχωρεῖν
1030 646 1130 729 ἀναγ-

87 765 210 818 ικαίον
228 755 370 837 τούτοις,
391 752 445 818 καὶ
465 754 516 818 ὅτι
535 753 553 817 ὁ
572 749 633 837 μὲν
651 754 692 817 τά
711 752 868 838 εἰρημένα
887 752 998 835 άγαθά
1017 774 1131 835 κεκτη-

114 858 213 944 μένος
237 861 317 925 άνευ
340 868 404 925 νοῦ
427 862 564 925 πλείονα
586 858 711 945 πράξει,
736 859 754 924 ὁ
776 855 813 924 δέ
831 859 870 924 τά
888 857 1023 924 ἐναντία
1043 861 1130 942 ἔχων

116 968 168 1046 [τὰ
205 968 301 1049 κακά]
341 967 508 1032 ἐλάττονα.
564 966 600 1031 ἐν
632 967 801 1052 κεφαλαίῳ
839 967 903 1049 άρα
938 966 1131 1031 κινδυνεύει

113 1074 220 1138 πάντα
252 1072 273 1137 ἃ
305 1074 342 1137 τὸ
374 1083 508 1156 πρῶτον
541 1074 668 1156 ἔφαμεν
705 1071 817 1155 ἀγαθά
849 1065 951 1155 εἶναι,
985 1071 1025 1137 οὐ
1053 1071 1130 1157 περὶ

112 1180 234 1244 τούτου
268 1179 380 1256 αὐτοῖς
413 1178 431 1244 ὁ
464 1181 562 1261 λόγος
595 1173 695 1262 εἶναι,
733 1179 821 1254 ὅπως
854 1178 938 1242 αὐτά
971 1202 1009 1262 γε
1046 1175 1126 1244 καθ’

72 1308 99 1346 ιο
113 1286 196 1350 αὑτά
217 1285 367 1370 πέφυκεν
386 1284 497 1367 άγαθά
520 1278 617 1367 εἶναι,
641 1280 726 1367 ἀλλ’,
750 1284 801 1361 ὡς
818 1287 936 1368 ἔοικεν,
960 1279 1024 1350 ὧδε
1046 1287 1127 1369 ἔχει·
1142 1305 1199 1344 τοι(

112 1390 170 1456 ἐάν
194 1388 255 1474 μὲν
278 1391 390 1455 αὐτῶν
413 1390 533 1474 ἡγῆται
556 1390 698 1474 άμαθία,
724 1393 821 1475 μείζω
845 1394 929 1456 κακά
952 1386 1129 1456 εἶναιτῶν

111 1495 291 1578 ἐναντίων,
325 1497 392 1582 ὅσφ
422 1497 634 1581 δυνατώτερα
665 1495 842 1580 ὑπηρετεῖν
873 1505 918 1584 τῷ
952 1496 1128 1584 ἡγουμένῳ

110 1603 199 1689 κακῷ
224 1604 312 1667 ὄντι·
337 1602 395 1667 ἐὰν
419 1599 456 1666 δέ
480 1605 643 1687 φρόνησις
666 1601 722 1667 καί
743 1605 857 1685 σοφία,
882 1606 979 1686 μείζω
1003 1603 1128 1686 ἀγαθά

111 1709 195 1774 αὐτά
214 1705 251 1774 δέ
269 1703 347 1774 καθ’
370 1708 453 1774 αὑτά
476 1707 634 1794 οὐδέτερα
653 1708 763 1774 αὐτῶν
782 1708 921 1785 οὐθενὸς
939 1709 1013 1788 άξια
1032 1705 1127 1776 εἶναι.

70 1836 97 1877 ιι
112 1819 197 1901 μόνη
221 1819 339 1883 τοίνυν
361 1816 382 1899 ἡ
406 1812 467 1900 μὲν
491 1819 595 1900 σοφία
619 1815 749 1898 ἀγαθόν
773 1815 874 1898 ἐστιν,
897 1815 918 1898 ἡ
943 1812 979 1880 δὲ
999 1815 1128 1900 ἀμαθία

110 1925 222 1987 κακόν.
260 1921 373 2005 ἐπειδὴ
391 1924 510 1986 τοίνυν
531 1921 727 2005 εὐδαίμονες
745 1917 806 2005 μὲν
825 1915 911 1985 εἶναι
931 1924 1128 2008 προθυμού-
1142 1939 1198 1980 εει

111 2034 200 2113 μεθα
222 2029 352 2111 πάντες,
377 2026 548 2111 ἐφάνημεν
572 2024 609 2091 δὲ
632 2036 778 2092 τοιοῦτοι
796 2030 989 2112 γιγνόμενοι
1012 2027 1048 2093 ἐκ
1064 2039 1128 2106 τοῦ

110 2135 260 2219 χρῆσθαί
279 2155 313 2197 τε
336 2143 406 2209 τοίς
428 2133 597 2217 πράγμασι
619 2129 674 2197 καὶ
693 2132 805 2218 ὀρθῶς
823 2141 980 2220 χρῆσθαι,
1004 2136 1065 2218 τὴν
1089 2132 1127 2200 δὲ

113 2238 281 2322 ὀρθότητα
308 2237 363 2303 καὶ
392 2238 548 2323 εὐτυχίαν
577 2239 736 2324 ἐπιστημη
765 2239 856 2305 ἐστίν
882 2239 1126 2327 ηπαρέχουσα,

69 2368 98 2408 νο
113 2347 164 2410 ὃεῑ
191 2347 248 2429 δή,
281 2345 325 2422 ὡς
352 2349 475 2428 ἐοικεν,
508 2345 544 2411 ἐκ
571 2347 694 2423 παντὸς
725 2348 851 2431 τρόπον
878 2348 985 2411 πάντα
1017 2348 1127 2431 ἄνδρα

110 2453 433 2539 παρασκευάζεσθαι,
467 2452 556 2528 ὅπως
587 2452 631 2529 ὡς
664 2453 856 2536 σοφώτατος
884 2454 986 2517 ἐσται·
1020 2456 1127 2537 μόνον

110 2560 172 2645 γὰρ
196 2567 295 2623 τοῦτο
319 2569 386 2622 τῶν
410 2559 517 2622 ὄντων
536 2557 719 2642 εὐδαίμονα
742 2556 796 2623 καὶ
820 2558 939 2643 εὐτυχῆ
960 2569 1052 2623 ποιεῖ
1066 2560 1127 2624 τὸν

110 2665 302 2749 άνθρωπον.
348 2663 530 2746 ἀναγκαῖον
559 2658 622 2727 οὖν
645 2668 846 2747 φιλοσοφεῖν
873 2675 942 2741 τοῖς
965 2662 1126 2748 βουλομέ-

110 2792 183 2846 νοις
205 2764 244 2833 εὖ
266 2769 435 2855 πράττειν·
458 2768 478 2853 ἡ
500 2765 536 2834 δὲ
556 2771 741 2853 φιλοσοφία
760 2770 867 2855 ὄρεξίς
885 2770 954 2836 ἐστι
972 2767 1027 2834 καὶ
1050 2780 1126 2854 κτη-

70 2895 97 2936 εο
112 2891 163 2951 σις
186 2875 378 2961 ἐπιστήμης,
408 2875 468 2960 οὐχ
495 2877 567 2958 ητις
593 2859 726 2960 κτητικὴ
755 2879 861 2960 μόνον
887 2876 955 2942 ἐστὶ
978 2887 1045 2941 τῶν
1069 2878 1126 2941 θο-

110 2982 261 3046 κούντων
285 2981 434 3065 άγαθῶν,
459 2979 536 3045 οὔθ’
559 2983 630 3064 ἥτις
648 2982 801 3065 ποιητικὴ
821 2981 941 3065 αὐτῶν,
965 2982 1124 3068 χρηστικὴ

111 3084 148 3152 δέ
167 3088 216 3152 οὔ.
253 3088 407 3171 τοιαύτης
426 3082 488 3152 οὖν
508 3089 562 3151 δεῖ
578 3087 767 3172 ἐπιστήμης,
791 3087 827 3153 ἐν
846 3079 867 3173 ᾖ
887 3087 1125 3172 συμπέπτωκεν

109 3350 136 3404 N
190 3288 285 3404 ¹³2qu
306 3278 340 3334 cf.
355 3278 437 3349 Trag.
452 3279 546 3348 adesp.
561 3279 594 3336 fr.
605 3285 665 3349 259,
686 3281 715 3333 et
729 3296 798 3347 quos
812 3279 918 3336 ibidem
932 3280 1009 3335 locos
1025 3280 1125 3335 attulit

138 3369 189 3406 aue
212 3395 218 3407 .

187 3532 207 3577 7
222 3524 261 3579 τά
277 3526 357 3582 κακά
375 3527 543 3602 (1919141126
564 3523 651 3602 οὗθ’]
668 3527 736 3584 fork.
754 3522 831 3583 οὐδ’.
