2430 3848
107 171 152 236 50
517 167 706 223 ιιοιειιοιιι

106 333 190 415 αὐτὴ
224 332 284 415 τὴν
313 332 432 415 φύσιν,
464 329 520 396 καὶ
552 332 643 395 ἔστιν
675 329 728 396 έπὶ
755 339 801 418 τῷ
830 333 970 415 βοηθεῖν
998 331 1055 396 καὶ
1083 335 1125 397 τά

106 439 374 523 παραλειπόμενα
397 445 456 519 τῆς
479 436 612 520 φύσεως
635 435 860 520 άναπληροῠν.
905 439 945 503 τά
973 434 1035 522 μὲν
1058 441 1125 523 χάρ

108 548 216 610 ἔοικεν
240 543 323 627 αὐτη
348 544 519 608 δύνασθαι
542 538 586 606 δι’
609 541 710 625 αὑτῆς
727 541 748 624 η
767 543 869 627 φύσις
887 543 1050 609 ἐπιτελεῖν
1068 543 1125 610 καὶ

108 651 268 735 βοηθείας
301 645 403 714 οὐδὲν
431 650 580 731 δεῖσθαι,
611 650 653 712 τὰ
684 644 722 713 cll
752 650 847 733 μόλις
873 648 928 714 καὶ
954 656 1126 729 παντελῶς

82 757 304 838 σάόυνατεῐν,
338 747 411 820 οἷον
439 753 556 819 αὐτίκα
584 752 639 818 καὶ
669 751 744 841 περὶ
773 756 831 832 τάς
856 754 1017 840 γενέσεις·
1051 760 1125 822 ένια
1138 773 1173 814 56·

109 861 171 948 μὲν
200 863 309 945 δήπου
339 870 406 925 τῶν
434 860 630 944 σπερμάτων
658 861 705 936 είς
737 860 857 926 ὁποίαν
885 860 970 945 <άν>
998 861 1124 948 έμπέση

109 978 174 1052 γῆν
197 969 278 1032 άνευ
301 971 452 1051 φυλακῆς
474 977 654 1050 γεννῶσιν,
685 969 757 1031 ἔνια
786 963 822 1032 δὲ
849 969 1045 1053 προσδεῖται
1068 978 1126 1052 τῆς

109 1081 292 1160 χεωρχικῆς
314 1071 444 1157 τέχνης·
472 1075 708 1158 παραπλησίως
736 1068 773 1137 ὀὶ
797 1071 853 1138 καὶ
875 1084 944 1139 τῶν
968 1071 1063 1161 ζῴων
1086 1077 1126 1139 τά

110 1177 172 1266 μὲν
201 1177 247 1245 δι’
274 1179 384 1244 αὑτῶν
413 1180 545 1244 άπασαν
573 1178 798 1262 ἀπολαμβάνει
825 1181 887 1263 τὴν
915 1180 1037 1264 φύσιν,
1069 1183 1126 1247 άν-

71 1309 97 1348 ιο
110 1293 248 1371 θρωπος
272 1283 309 1351 δὲ
331 1289 465 1350 πολλῶν
484 1285 589 1349 δεῖται
611 1295 737 1369 τεχνῶν
755 1286 839 1373 πρὸς
858 1290 1027 1373 σωτηρίαν
1045 1288 1128 1353 κατά

110 1416 145 1457 τε
168 1394 230 1476 την
253 1393 388 1477 πρώτην
415 1390 548 1475 γένεσιν
575 1387 631 1456 καὶ
660 1391 759 1457 πάλιν
786 1395 869 1457 κατά
897 1394 960 1476 τὴν
983 1392 1128 1478 ὑστέραν

110 1499 251 1582 τροφήν.
297 1498 328 1561 εί
355 1497 473 1561 τοίνυν
495 1496 516 1580 ἡ
539 1495 636 1581 τέχνη
660 1507 804 1581 μιμεῖται
826 1499 887 1582 τὴν
911 1500 1033 1582 φύσιν,
1064 1499 1127 1564 άπὸ

111 1604 233 1687 ταύτης
259 1602 468 1686 ἠκολούθηκε
495 1599 550 1667 καὶ
578 1613 655 1679 ’ταῖς
680 1600 811 1686 τέχναις
839 1606 877 1668 τὸ
905 1605 966 1688 την
993 1605 1128 1686 γένεσιν

112 1710 246 1774 ἅπασαν
276 1706 371 1773 ἕνεκά
398 1731 458 1774 τον
485 1711 672 1792 γίγνεσθαι.
717 1709 754 1772 τὸ
781 1710 845 1794 γάρ
874 1709 986 1794 ὀρθῶς
1016 1714 1130 1794 χιγνό

74 1839 100 1879 15
114 1839 218 1900 μενον
241 1816 329 1881 άπαν
354 1815 450 1880 ἕνεκά
472 1837 533 1879 τοο
553 1816 731 1897 γίγνεσθαι
749 1817 890 1898 θείημεν
908 1817 959 1880 άν.
1002 1817 1129 1882 οὐκοῦν

114 1925 152 1987 τό
175 1946 213 2006 χε
231 1927 349 2003 καλῶς,
374 1921 500 2008 ὀρθῶς·
522 1917 577 1985 καὶ
600 1921 637 1983 τὸ
661 1916 722 2003 μὲν
745 1923 946 2006 γιγνόμενον
968 1924 1130 2006 γίγνεται,

112 2028 231 2112 χέχονε
261 2024 297 2093 δὲ
318 2028 362 2091 τὸ
395 2026 534 2110 γεγονὸς
560 2027 597 2090 τό
624 2049 662 2109 χε
695 2027 761 2109 μὴν
792 2029 874 2092 κατά
905 2029 1012 2112 φύσιν
1040 2030 1130 2095 άπαν

113 2138 236 2216 καλῶς,
269 2137 360 2217 εἴπερ
393 2132 430 2197 τὸ
462 2132 550 2215 παρά
583 2131 686 2214 φύσιν
719 2135 851 2214 φαῦλον
879 2131 934 2197 καὶ
966 2143 1012 2222 τῷ
1046 2138 1173 2202 κατάιιι

115 2239 220 2323 φύσιν
235 2261 307 2300 *ε*
321 2237 450 2322 γένεσις
473 2236 568 2302 ἕνεκά
590 2258 650 2301 τον
668 2238 827 2320 γίγνεται.
868 2237 923 2303 καὶ
941 2249 1041 2306 τοῦτο
1064 2244 1132 2308 ίόοι

74 2366 102 2406 20
115 2370 165 2422 τις
188 2343 230 2410 άν
256 2342 312 2409 καὶ
340 2338 398 2428 ἀφ’
425 2342 565 2409 ἑκάστου
588 2353 654 2408 τῶν
678 2341 715 2407 έν
743 2343 823 2427 ἡμῖν
846 2355 969 2430 μερῶν·
1003 2340 1080 2414 οἷον
1104 2350 1134 2413 εί

115 2462 290 2528 κατανοοϊς
317 2453 354 2515 τὸ
378 2449 566 2538 βλέφαρον,
595 2450 681 2526 ἴδοις
708 2447 750 2513 άν
774 2449 818 2525 ὡς
845 2450 887 2515 οὐ
914 2452 1023 2536 μάτην
1047 2454 1132 2520 άλλά

115 2560 276 2642 βοηθείας
294 2557 392 2641 χάριν
411 2566 478 2622 τῶν
494 2556 649 2640 ὀμμάτων
662 2554 813 2639 χέχονεν,
833 2556 921 2634 ὅπως
940 2559 1132 2628 άνάπαυσίν

115 2687 151 2728 τε
174 2662 299 2748 παρέχη
323 2660 378 2726 καὶ
396 2662 507 2747 κωλάη
527 2663 566 2726 τά
584 2663 833 2744 προσπίπτοντα
853 2665 936 2749 πρὸς
959 2666 1021 2749 τὴν
1041 2668 1132 2745 ὀψιν.

116 2769 242 2836 οὐκοῦν
269 2768 391 2833 ταύτόν
420 2766 510 2833 ἐστιν
538 2762 579 2831 οὗ
612 2790 647 2831 τε
675 2766 771 2832 ἕνεκα
799 2767 921 2852 γέγονέ
945 2794 978 2836 τι
1005 2771 1063 2837 καὶ
1092 2768 1133 2838 οὗ

75 2895 102 2936 25
116 2876 212 2942 ἕνεκα
241 2876 295 2939 θεῖ
318 2872 508 2958 γεγονέναι·
540 2865 613 2938 οἷον
642 2873 673 2937 εί
697 2877 816 2938 πλοῖον
840 2873 936 2941 ἕνεκα
963 2885 1023 2960 της
1050 2881 1135 2944 κατὰ

115 2982 287 3048 θάλατταν
302 2980 441 3063 κομιδῆς
455 2979 523 3043 ἔθει
536 2981 725 3061 γίγνεσθαι,
745 2980 801 3044 θιά
815 2990 914 3047 τοῦτο
929 2980 985 3048 καὶ
1002 2983 1133 3068 γέγονε.

115 3087 171 3154 καὶ
199 3089 266 3172 μὴν
288 3085 329 3150 τά
355 3109 393 3169 γε
418 3087 483 3172 ζῷα
506 3093 573 3148 τῶν
600 3085 701 3167 φύσει
732 3087 787 3168 (τε
814 3085 869 3151 καὶ
897 3090 980 3154 κατὰ
1004 3091 1134 3177 φύσιν>

207 3252 223 3299 6
237 3240 273 3298 άν
289 3240 432 3297 addiditK
446 3241 456 3309 l
471 3247 503 3295 17
517 3238 644 3310 χεχονὸς·
659 3238 689 3295 τό
704 3244 714 3312 l
730 3248 811 3311 18sq.
826 3247 892 3314 posi
902 3249 941 3319 τῷ
956 3244 1031 3302 κατὰ
1046 3246 1135 3316 φύσιν

115 3317 246 3373 lacunam
265 3312 390 3382 signavit
403 3311 501 3365 Vitelli
514 3312 679 3381 explendam
692 3309 853 3384 <έναντίονΙ
886 3311 904 3385 ἡ
922 3309 974 3371 οὖν
988 3317 1065 3373 κατὰ
1079 3319 1135 3388 φί-

117 3389 182 3458 οιν>
200 3387 246 3441 vel
263 3384 373 3454 plenius
391 3377 556 3470 <ένιχντίον
580 3381 607 3437 εί
624 3380 656 3437 δὲ
675 3385 774 3452 καλῶς,
793 3380 901 3454 ὀρθῶς·
926 3387 955 3443 εί
976 3388 1010 3445 δὲ
1030 3385 1136 3459 ὀρθῶς,

108 3458 201 3510 ἕνεκά
219 3476 276 3510 τον.
311 3448 411 3508 άπασα
430 3472 482 3507 οον
500 3448 606 3521 ἡκατά
625 3450 745 3528 φύσιν>ι
764 3452 848 3526 ἦρτο
863 3458 901 3529 τῷ
919 3460 1074 3530 scripserat
1087 3462 1112 3515 Κ
1125 3461 1135 3531 Ι)

92 3531 136 3576 27
153 3544 184 3577 τε
205 3526 255 3578 καί
276 3521 353 3579 κατά
374 3519 464 3595 φύσιν
483 3523 600 3581 addidil
615 3524 726 3582 Vilelli.
