2430 3848
151 162 194 227 84
560 160 752 216 IAMBLICHI

238 322 341 388 XVII.
367 324 412 387 Εί
433 320 470 388 δὲ
490 324 544 388 δεῖ
563 321 619 388 καὶ
642 322 705 387 ἀπὸ
724 334 792 388 τῶν
810 327 961 387 παλαιῶν
982 324 1093 405 λόγων
1111 321 1168 389 καὶ
1183 343 1205 382 ιο

149 439 217 495 τῶν
240 430 361 514 μύθων
379 439 446 494 τῶν
475 429 574 514 ίερῶν
597 439 664 494 τῶν
686 451 721 494 τε
745 429 855 493 ἀλλων
878 425 932 492 καί
955 438 1023 493 τῶν
1048 433 1168 494 Πυθα-

149 538 292 621 γορείων
328 535 517 620 ὑπομνῆσαι
553 537 632 612 τοὺς
664 534 847 611 ἀκούοντας
879 532 932 599 ἐπὶ
964 535 1026 617 τήν
1062 534 1169 619 αὐτήν
1198 562 1201 569 ’

149 641 372 726 παράκλησιν,
402 641 580 725 ἀρχώμεθα
608 639 663 706 καὶ
689 641 812 706 τούτου
839 640 1006 706 ἐντεῦθεν.
1053 640 1167 726 ὀρθῶς

123 746 304 831 ελέγονται
332 747 367 811 ολ
392 748 535 831 μηδενὸς
563 748 717 830 δεόμενοι
749 746 946 830 εὐδαίμονες
976 741 1077 830 εἶναι,
1109 745 1167 812 καὶ

150 855 194 930 ὡς
220 865 287 918 τῶν
316 853 521 938 ἀπεράντους
549 853 694 939 ἐχόντων
722 854 780 930 τάς
803 852 983 937 ἐπιθυμίας
1008 854 1118 930 δεινὸς
1147 854 1165 919 ὁ

149 962 230 1042 βίος.
276 960 317 1024 οὐ
340 959 403 1044 γάρ
427 984 458 1024 τι
481 953 681 1044 θαυμάζοιμ’
708 959 765 1042 ἀν,
794 961 825 1024 εί
846 959 1031 1044 Εὐριπίδης
1054 962 1165 1043 ἀληθῆ

149 1064 187 1131 ἐν
213 1067 325 1131 τοῖσδε
357 1064 461 1150 λέγει,
492 1065 600 1150 λέγων
635 1069 693 1142 τίς
730 1064 761 1130 δ’
798 1060 924 1148 οἶδεν,
957 1066 993 1130 εί
1021 1067 1063 1130 τὸ
1098 1068 1166 1149 ζήν

149 1171 219 1256 μέν
247 1172 330 1238 ἐστι
357 1180 589 1256 κατθανεῖν,
617 1174 658 1237 τὸ
686 1178 903 1237 κατθανεῖν
932 1168 974 1237 δέ
999 1174 1080 1255 ζήνς
1109 1169 1166 1236 καὶ

110 1301 136 1339 10
149 1279 242 1363 ἡμεῖς
263 1288 309 1366 τῷ
334 1281 405 1344 ὄντι
430 1286 508 1356 ίσως
529 1277 709 1362 τέθναμεν·
733 1279 799 1362 ήδη
820 1278 884 1363 γάρ
902 1300 963 1342 του
982 1280 1086 1362 ἔγωγε
1109 1277 1165 1344 καὶ

148 1387 275 1468 ήκουσα
297 1396 364 1449 τῶν
392 1396 524 1468 σοφῶν,
553 1385 597 1460 ὡς
624 1392 689 1449 νῦν
716 1383 810 1468 ἡμεῖς
837 1382 1019 1468 τέθναμεν,
1048 1383 1103 1449 καὶ
1126 1386 1164 1451 τὸ

108 1501 112 1507 ’
149 1487 211 1574 μὲν
234 1492 328 1575 σῶμά
347 1490 436 1556 ἐστιν
458 1490 539 1574 ἡμῖν
559 1499 658 1574 σήμα,
680 1499 738 1574 της
762 1486 798 1555 δέ
817 1499 924 1573 ψυχῆς
946 1498 1056 1574 τοῦτο,
1081 1490 1118 1556 ἐν
1138 1481 1164 1578 ᾦ

150 1596 325 1682 ἐπιθυμίαι
353 1598 433 1682 εἰσί,
464 1595 621 1681 τυγχάνει
653 1596 693 1661 δν
726 1588 800 1660 οἷον
832 1595 1078 1660 ἀναπείθεσθαι
1109 1596 1165 1662 καὶ
1179 1617 1205 1656 ει

149 1706 361 1786 μεταπίπτειν
385 1703 454 1769 ἀνω
478 1704 576 1786 κάτω,
602 1701 778 1768 καὶτοῦτο
803 1703 867 1787 ἀρα
889 1724 939 1778 τις
963 1708 1166 1786 μυθολογῶν

109 1828 135 1870 ιε
149 1813 276 1895 κομψὸς
313 1810 413 1896 ἀνήρ,
451 1815 530 1886 ῖσως
566 1811 741 1884 Σικελικός
776 1831 825 1885 τις
861 1807 882 1892 ή
911 1806 1069 1885 Ἰταλικός
1104 1832 1164 1892 τις,

149 1917 308 2002 παράγων
329 1924 376 2004 τῷ
400 1916 538 2000 ὀνόματι
562 1917 618 1980 διά
640 1916 677 1980 τὸ
700 1917 850 1980 πιθανόν
877 1938 913 1980 τε
935 1913 990 1979 καὶ
1013 1918 1165 1982 πιστικὸν

149 2025 301 2107 ὠνόμασε
323 2023 443 2104 πίθον,
471 2022 550 2098 τοὺς
578 2017 615 2086 δὲ
638 2020 801 2103 ἀνοήτους
829 2019 1008 2104 ἀμυήτους·
1035 2032 1104 2086 τῶν
1129 2019 1166 2087 δὲ

149 2129 301 2212 ἀνοήτων
327 2136 425 2192 τοῦτο
453 2137 511 2212 τής
537 2138 659 2214 ψυχῆς,
688 2125 730 2194 οὗ
758 2129 795 2201 αλ,
821 2129 995 2213 ἐπιθυμίαι
1018 2129 1099 2212 είσί,
1127 2129 1165 2193 τὸ

149 2232 334 2299 ἀκόλαστον
358 2234 463 2300 αὐτοῦ
485 2233 539 2300 καὶ
563 2236 605 2300 οὐ
628 2238 801 2318 στεγανόν,
825 2236 869 2312 ὡς
892 2233 1090 2319 τετρημένος
1114 2241 1164 2318 είη
1180 2252 1205 2291 1⁰

109 2359 136 2399 ιο
149 2343 250 2417 πίθος
278 2341 334 2405 διὰ
360 2342 422 2424 τήν
450 2341 634 2425 ἀπληστίαν
662 2342 848 2419 ἀπεικάσας.
893 2342 1094 2408 τούναντίον
1124 2342 1165 2425 δή

149 2442 248 2523 οὗτος
270 2458 340 2523 τοῖς
362 2451 498 2524 πολλοῖς
516 2447 710 2531 ἀνθρώποις
729 2448 946 2530 ἐνδείκνυται,
971 2448 1016 2524 ὡς
1037 2456 1105 2511 τῶν
1130 2447 1166 2513 έν

138 2553 274 2635 Ἅιδου,
304 2553 341 2617 τὸ
371 2550 477 2629 ἀειδὲς
505 2554 546 2637 δή
575 2553 696 2638 λέγων,
728 2549 821 2619 οὗτοι
850 2553 1054 2618 ἀθλιώτατοί
1079 2555 1166 2619 είσιν

150 2657 185 2721 ολ
214 2658 371 2742 ἀμύητοι,
401 2656 456 2723 καὶ
488 2670 628 2744 φοροῖεν
660 2662 707 2737 είς
735 2662 794 2725 τὸν
827 2657 1027 2745 τετρημένον
1059 2663 1166 2725 πίθον

148 2762 241 2849 ὕδωρ
261 2763 360 2853 ἑτέρῳ
380 2766 519 2853 τοιούτῳ
542 2765 729 2854 τετρημένην
748 2770 902 2854 κοσκίνῳ.
941 2766 979 2830 τὸ
1000 2762 1036 2831 δὲ
1055 2769 1166 2831 κόσκι-

110 2887 212 2936 ιῖνον
234 2873 298 2955 ἀρα
324 2871 422 2954 λέγει,
447 2873 491 2949 ὡς
513 2875 577 2958 ἔφη
602 2873 620 2938 ὁ
643 2874 726 2958 πρὸς
749 2869 805 2957 ἐμὲ
829 2876 945 2956 λέγων,
968 2873 1030 2956 τήν
1053 2875 1166 2958 ψυχήν

150 2971 248 3040 εἶ·ναι
270 2979 332 3061 τήν
356 2974 393 3042 δε
416 2979 527 3063 ψυχήν
551 2983 694 3067 κοσκίνῳ
713 2978 868 3043 ἀπείκασε
891 2979 952 3062 τήν
975 2990 1043 3044 τῶν
1066 2978 1165 3062 ἀνοή-

148 3105 215 3147 των
234 3083 279 3160 ὡς
292 3083 546 3169 τετρημένην,”
525 3109 581 3149 ατε
600 3085 641 3149 οὐ
664 3045 856 3169 δυναμένην
874 3083 1004 3167 στέγειν
1024 3083 1068 3149 δι’
1092 3084 1165 3149 ἀπι-

185 3202 262 3295 4.
282 3259 308 3310 p.
329 3246 374 3308 85,
388 3247 422 3296 26
441 3241 513 3295 Plat.
533 3239 617 3311 Gorg
637 3260 663 3311 p
678 3241 895 3296 492E-494B.

147 3344 361 3436 -Ιθ-’ἶᾘ
291 3402 324 3436 ον
344 3381 406 3437 οἷον
420 3379 515 3436 PA:
499 3401 598 3465 ομοιον
616 3385 626 3454 ss
645 3389 678 3437 15
697 3385 763 3446 ίσως
780 3383 840 3437 PA:
863 3380 922 3445 ἶσος
939 3385 949 3452 ΙΙ
969 3388 1002 3436 16
1021 3379 1162 3452 πιοτικόν]

136 3449 756 3527 είοήννάηδὲςήεήΜσιν]ιωωοεῖεν(λ.
777 3453 873 3524 Cobet,
893 3453 1043 3510 Mnemos.²
1062 3453 1161 3509 11138

123 3518 208 3574 Stob
229 3522 308 3581 Flor,
331 3528 395 3595 121,
413 3528 470 3598 36).
