2430 3848
126 164 191 229 110
538 160 728 218 IAMBLIOHI

125 329 228 410 βολον
261 326 538 411 διαπράττεσθαι,
570 324 653 390 άλλδι
684 321 739 390 καὶ
772 322 826 389 ἐπὶ
853 334 921 390 τῶν
950 332 1008 409 τῆς
1035 334 1145 409 ψυχῆς

125 433 312 518 ἐνεργειῶν,
335 431 381 510 ὡς
403 434 483 516 μήτε
501 418 567 497 ὑπδ
585 438 707 497 παθῶν
727 431 828 508 αὐτδις
845 427 1043 515 κατέχεσθαι
1061 433 1144 515 μήτε

124 540 189 605 ὑπὸ
216 546 274 622 τῆς
300 547 362 604 τοῦ
389 539 539 624 σώματος
567 537 744 615 ἀσθενείας
771 539 851 622 μήτε
878 536 942 602 ὑπὸ
973 547 1030 622 τής
1052 559 1144 624 περι-

124 647 310 730 πεφυκοίας
337 643 464 723 ἔξωθεν
490 644 571 729 ἡμῖν
605 643 780 728 γενέσεως,
813 643 934 708 εόλντα
967 641 1005 709 δὲ
1036 644 1145 710 πάντα

98 754 212 836 οέχειν
234 747 290 816 καὶ
313 749 426 837 ἕτοιμα
449 753 533 837 πρὸς
556 752 618 837 τήν
640 753 821 837 μετουσίαν
843 761 911 815 τῶν
934 756 1035 817 θεῶν.

213 855 281 922 Καὶ
304 858 384 922 άλλο
409 854 500 923 δέτι
523 858 654 935 τούτοις
682 858 799 942 ὅμοιον
825 857 872 933 είς
894 857 955 940 τήν
979 857 1085 939 αὑτήν
1107 880 1142 922 τε

70 968 110 1025 κε’
126 964 248 1050 ἀρετήν
273 963 461 1049 προτρέπον
490 963 559 1030 ἐστὶ
585 966 623 1029 τὸ
651 973 806 1030 τοιοῦτον
837 964 1022 1048 σύμβολον·
1053 961 1145 1048 περὶ

123 1076 229 1136 θεῶν
265 1068 388 1155 μηδὲν
428 1073 662 1156 θαυμαστὸν
704 1069 874 1152 ἀπίστει,
916 1066 1013 1154 μηδὲ
1053 1067 1144 1151 περὶ

123 1178 247 1243 θείων
266 1178 481 1262 δογμάτων.
522 1177 643 1254 ίκανῶς
661 1178 724 1262 γάρ
743 1178 780 1241 τὸ
801 1178 909 1261 δόγμα
927 1185 1026 1242 τοῦτο
1045 1179 1143 1260 σεβα-

84 1299 110 1340 10
124 1285 238 1349 στικὸν
267 1283 407 1369 ὑπάρχει
430 1282 485 1349 καί
514 1284 717 1369 ἐμφαντικὸν
744 1292 802 1367 τῆς
830 1293 897 1348 τῶν
921 1289 1014 1348 θεῶν
1042 1282 1144 1373 ὑπερ-

124 1397 217 1472 οχής,
246 1387 423 1474 ἐφοδιάζον
447 1387 609 1475 ἡμᾶςκαὶ
633 1389 885 1475 ὑπομιμνήσκον
909 1390 960 1454 ὅτι
988 1388 1049 1454 οὐκ
1077 1389 1142 1454 ἀπὸ

123 1503 181 1577 τῆς
203 1493 298 1579 ήμῶν
318 1495 428 1561 αὑτων
447 1499 650 1583 συγκρίσεως
667 1497 729 1582 χρή
750 1499 987 1582 τεκμαίρεσθαι
1005 1493 1060 1561 καὶ
1079 1497 1142 1581 τήν
1157 1514 1189 1556 ιω

123 1604 222 1667 θείαν
246 1602 407 1688 δύναμιν,
436 1600 507 1669 ἀλλ’
533 1603 614 1688 ὑμῖν
641 1600 702 1688 μὲν
730 1603 786 1669 άτε
815 1612 1014 1688 σωματικοῖς
1036 1602 1141 1688 ὑπάρ-

123 1726 220 1792 χουσι
243 1718 394 1793 γενητοῖς
416 1731 451 1774 τε
474 1706 529 1774 καὶ
552 1715 718 1797 φθαρτοῖς
736 1707 791 1774 καί
809 1710 1035 1793 προσκαίροις,
1058 1707 1141 1773 ὑπο-

84 1832 109 1872 15
123 1813 286 1900 κειμένοις
308 1838 343 1881 τε
366 1818 479 1882 νόσων
501 1818 649 1903 ποικιλίᾳ
676 1813 731 1882 καὶ
758 1817 860 1900 όγιιον
888 1817 1059 1901 μικρότητι
1082 1813 1140 1879 καὶ

123 1931 180 2007 τῆς
203 1921 256 1988 ἐπὶ
278 1924 315 1988 τὸ
339 1919 441 2007 μέσον
464 1931 571 2008 φορᾶς
593 1931 632 2007 τή
659 1925 798 2009 βαρήσει
824 1919 880 1988 καὶ
907 1922 1061 2009 ὑπνωδίρι
1082 1919 1140 1988 καὶ
1153 1941 1189 1982 ³2<

123 2027 234 2115 ἐνδείᾳ
265 2026 320 2094 καί
352 2028 548 2117 πλεονασμῷ
582 2027 723 2116 ἀβουλίᾳ
749 2053 784 2094 τε
812 2026 867 2094 καὶ
895 2028 1056 2115 άσθενείηι
1085 2027 1143 2094 καὶ

123 2143 230 2218 ψυχῆς
255 2135 497 2221 παραποδισμῷ
526 2131 580 2200 καὶ
612 2145 681 2212 τοῖς
713 2137 840 2219 ἄλλοις,
874 2136 961 2213 είκδς
988 2133 1143 2220 ἀμήχανα

122 2264 197 2305 τινα
220 2238 275 2305 καὶ
298 2239 447 2305 άδάνατα
467 2239 637 2326 ὑπάρχειν.
683 2243 791 2307 καίτοι
812 2243 918 2307 πολλὰ
941 2241 1028 2307 οὑτω
1052 2245 1143 2324 παρδι

83 2363 110 2403 20
123 2354 181 2429 τῆς
208 2348 341 2432 φάσεως
368 2348 487 2433 ἐχομεν
514 2346 679 2435 ἐξαίρετα,
711 2346 782 2414 ἀλλ’
816 2349 904 2431 ὅμως
933 2348 1040 2433 πάντῃ
1073 2359 1142 2414 τῶν

122 2459 213 2519 θεῶν
234 2453 494 2539 ἀπολειπόμεθα,
517 2453 572 2520 καὶ
594 2455 671 2520 οὔτε
691 2455 835 2540 δύναμιν
853 2455 915 2538 τήν
935 2454 1040 2539 αὑτήν
1064 2455 1144 2521 οὑτε

123 2557 244 2643 άρετήν
271 2566 348 2643 ίσην
375 2563 457 2645 πρὸς
485 2560 607 2637 αὐτοὺς
631 2563 757 2645 ἔχομεν.
803 2571 930 2645 γνῶσιν
959 2556 1021 2626 οὑν
1048 2567 1143 2627 θεῶν

123 2664 350 2749 διαφερόντως
376 2675 475 2731 τοῦτο
504 2667 698 2751 εἰσηγεῖται,
731 2667 776 2744 ὡς
806 2667 913 2734 πάντα
942 2666 1142 2752 δυναμένων

122 2771 243 2838 αὐτῶν.
289 2773 344 2838 διδ
365 2780 465 2838 τοῦτο
488 2772 530 2855 δὴ
555 2767 618 2839 οὖν
646 2771 722 2858 περὶ
744 2779 837 2839 θεῶν
861 2770 966 2858 μηδὲν
989 2773 1141 2840 άπιστεῖν

81 2894 107 2936 2⁵
121 2876 350 2963 παραγγέλλει.
393 2881 585 2964 πρόσκειται
609 2876 647 2945 δὲ
669 2875 767 2965 μηδὲ
788 2877 879 2965 περὶ
901 2881 1024 2946 θείων
1051 2881 1142 2964 δογ-

121 2985 266 3068 μάτων,
299 2996 367 3050 τῶν
394 2994 434 3070 τῇ
461 2990 685 3071 Πνθαγορική
714 2988 899 3073 φιλοσοφίᾳ
932 2985 1140 3051 δοκούντων·

120 3100 224 3157 ταῦτα
249 3092 313 3176 γάρ
341 3091 406 3157 ὑπὸ
435 3091 643 3176 μαθημάτων
670 3090 727 3157 καὶ
753 3092 972 3178 ἐπιστήμονος
993 3095 1142 3179 θεωρίας

120 3195 350 3282 ήσφαλισμένα
387 3195 498 3281 άληθή
535 3195 591 3262 καλ
627 3197 833 3277 ἀδιάψευστα
869 3201 956 3284 μόνα
988 3197 1141 3284 ὑπάρχει,

120 3323 333 3334 ...ιι-..ψ--ο

193 3397 209 3445 6
228 3389 348 3445 fortasse
361 3386 480 3452 τούτοις
493 3383 571 3462 (θ’)
585 3391 594 3461 fl
609 3395 624 3444 7
643 3386 698 3460 κε’]
717 3391 759 3446 ita
774 3391 869 3448 codex,
902 3390 937 3446 cf.
951 3389 1026 3446 infra
1039 3396 1140 3461 p.121‚

109 3464 199 3526 πεηᾳ.
211 3463 230 3527 ff
239 3466 277 3515 10
295 3456 489 3534 ἐμφαντικὸν]
509 3459 551 3516 sic
569 3463 637 3532 (non
657 3456 851 3531 ἐκφαντικδν),
873 3462 908 3519 ef.
927 3461 984 3516 vit.
1004 3461 1089 3532 Pyth.
1105 3468 1140 3517 67

93 3527 133 3591 (ρ.
152 3533 198 3594 48,
215 3531 316 3602 λΝίι.)
328 3534 343 3602 ff
356 3538 392 3589 14
412 3539 573 3605 γεννητοῖς.
