<?xml version="1.0" encoding="UTF-8"?>
<!DOCTYPE html PUBLIC "-//W3C//DTD XHTML 1.0 Transitional//EN"
    "http://www.w3.org/TR/xhtml1/DTD/xhtml1-transitional.dtd">
<html xmlns="http://www.w3.org/1999/xhtml" xml:lang="en" lang="en">
 <head>
  <title>
</title>
<meta http-equiv="Content-Type" content="text/html;charset=utf-8" />
  <meta name='ocr-system' content='tesseract 3.04.00' />
  <meta name='ocr-capabilities' content='ocr_page ocr_carea ocr_par ocr_line ocrx_word'/>
</head>
<body>
  <div class='ocr_page' id='page_1' title='image "./iamblichiprotre00jambgoog_0121.png"; bbox 0 0 2430 3848; ppageno 0'>
   <div class='ocr_carea' id='block_1_1' title="bbox 148 208 752 277">
    <p class='ocr_par' dir='ltr' id='par_1_1' title="bbox 148 208 752 277">
     <span class='ocr_line' id='line_1_1' title="bbox 148 208 752 277; baseline 0.003 -15"><span class='ocrx_word' id='word_1_1' title='bbox 148 213 212 277; x_wconf 80' lang='lat'><em>102</em></span> <span class='ocrx_word' id='word_1_2' title='bbox 561 208 752 266; x_wconf 81' lang='lat' dir='ltr'><strong>IAMBLIGHI</strong></span> 
     </span>
    </p>
   </div>
   <div class='ocr_carea' id='block_1_2' title="bbox 108 366 1211 1945">
    <p class='ocr_par' dir='ltr' id='par_1_2' title="bbox 146 366 1166 673">
     <span class='ocr_line' id='line_1_2' title="bbox 240 366 1165 458; baseline -0.003 -20"><span class='ocrx_word' id='word_1_3' title='bbox 240 376 307 438; x_wconf 90' lang='grc' dir='ltr'><em>Τόν</em></span> <span class='ocrx_word' id='word_1_4' title='bbox 329 396 365 438; x_wconf 86' lang='grc' dir='ltr'><em>τε</em></span> <span class='ocrx_word' id='word_1_5' title='bbox 388 366 431 438; x_wconf 81' lang='grc' dir='ltr'><em>αὖ</em></span> <span class='ocrx_word' id='word_1_6' title='bbox 454 374 579 458; x_wconf 89' lang='grc' dir='ltr'><em>χρόνον</em></span> <span class='ocrx_word' id='word_1_7' title='bbox 600 383 671 449; x_wconf 84' lang='grc' dir='ltr'><em>τοῖς</em></span> <span class='ocrx_word' id='word_1_8' title='bbox 695 371 888 457; x_wconf 84' lang='grc' dir='ltr'><em>ἀνθρώποις</em></span> <span class='ocrx_word' id='word_1_9' title='bbox 909 371 966 436; x_wconf 90' lang='grc' dir='ltr'><em>διά</em></span> <span class='ocrx_word' id='word_1_10' title='bbox 983 370 1046 453; x_wconf 92' lang='grc' dir='ltr'><em>τὴν</em></span> <span class='ocrx_word' id='word_1_11' title='bbox 1070 369 1165 435; x_wconf 85' lang='grc' dir='ltr'><em>εὐνο-</em></span> 
     </span>
     <span class='ocr_line' id='line_1_3' title="bbox 146 471 1166 565; baseline -0.002 -21"><span class='ocrx_word' id='word_1_12' title='bbox 146 482 226 565; x_wconf 85' lang='grc' dir='ltr'><strong><em>μίαν</em></strong></span> <span class='ocrx_word' id='word_1_13' title='bbox 249 480 297 557; x_wconf 91' lang='grc' dir='ltr'><em>είς</em></span> <span class='ocrx_word' id='word_1_14' title='bbox 319 475 382 564; x_wconf 75' lang='grc' dir='ltr'><em>μέν</em></span> <span class='ocrx_word' id='word_1_15' title='bbox 403 478 444 543; x_wconf 86' lang='grc' dir='ltr'><em>τά</em></span> <span class='ocrx_word' id='word_1_16' title='bbox 460 478 636 565; x_wconf 88' lang='grc' dir='ltr'><em>πράγματα</em></span> <span class='ocrx_word' id='word_1_17' title='bbox 657 476 764 565; x_wconf 86' lang='grc' dir='ltr'><em>ἀργὸν</em></span> <span class='ocrx_word' id='word_1_18' title='bbox 787 481 975 562; x_wconf 85' lang='grc' dir='ltr'><em>γίγνεσθαι,</em></span> <span class='ocrx_word' id='word_1_19' title='bbox 999 477 1047 554; x_wconf 85' lang='grc' dir='ltr'><em>είς</em></span> <span class='ocrx_word' id='word_1_20' title='bbox 1066 471 1104 542; x_wconf 68' lang='grc' dir='ltr'><em>δέ</em></span> <span class='ocrx_word' id='word_1_21' title='bbox 1127 477 1166 542; x_wconf 85' lang='grc' dir='ltr'><em>τὰ</em></span> 
     </span>
     <span class='ocr_line' id='line_1_4' title="bbox 148 584 628 673; baseline -0.004 -20"><span class='ocrx_word' id='word_1_22' title='bbox 148 590 229 673; x_wconf 80' lang='grc' dir='ltr'><em>ἔργα</em></span> <span class='ocrx_word' id='word_1_23' title='bbox 251 595 308 670; x_wconf 84' lang='grc' dir='ltr'><em>τὴς</em></span> <span class='ocrx_word' id='word_1_24' title='bbox 332 589 415 668; x_wconf 79' lang='grc' dir='ltr'><em>ζωῆς</em></span> <span class='ocrx_word' id='word_1_25' title='bbox 438 584 628 671; x_wconf 83' lang='grc' dir='ltr'><em>ἐργάσιμον.</em></span> 
     </span>
    </p>

    <p class='ocr_par' dir='ltr' id='par_1_3' title="bbox 120 685 1211 992">
     <span class='ocr_line' id='line_1_5' title="bbox 239 685 1167 777; baseline -0.005 -20"><span class='ocrx_word' id='word_1_26' title='bbox 239 692 425 777; x_wconf 84' lang='grc' dir='ltr'><em>Φροντίδος</em></span> <span class='ocrx_word' id='word_1_27' title='bbox 462 685 499 756; x_wconf 74' lang='grc' dir='ltr'><em>δέ</em></span> <span class='ocrx_word' id='word_1_28' title='bbox 533 699 591 776; x_wconf 78' lang='grc' dir='ltr'><em>τῆς</em></span> <span class='ocrx_word' id='word_1_29' title='bbox 623 688 685 777; x_wconf 75' lang='grc' dir='ltr'><em>μὲν</em></span> <span class='ocrx_word' id='word_1_30' title='bbox 716 689 918 776; x_wconf 84' lang='grc' dir='ltr'><em>ἀηδεστάτης</em></span> <span class='ocrx_word' id='word_1_31' title='bbox 954 687 1167 773; x_wconf 74' lang='grc' dir='ltr'><em>ἀπηλλάχθαι</em></span> 
     </span>
     <span class='ocr_line' id='line_1_6' title="bbox 120 793 1211 884; baseline -0.008 -20"><span class='ocrx_word' id='word_1_32' title='bbox 120 802 226 876; x_wconf 71' lang='grc' dir='ltr'><em>ὀτοὺς</em></span> <span class='ocrx_word' id='word_1_33' title='bbox 244 796 448 884; x_wconf 75' lang='grc' dir='ltr'><strong><em>ἀνθρώπους</em></strong></span> <span class='ocrx_word' id='word_1_34' title='bbox 466 795 503 862; x_wconf 88' lang='grc' dir='ltr'><em>έν</em></span> <span class='ocrx_word' id='word_1_35' title='bbox 521 805 561 882; x_wconf 74' lang='grc' dir='ltr'><em>τῇ</em></span> <span class='ocrx_word' id='word_1_36' title='bbox 581 796 731 884; x_wconf 75' lang='grc' dir='ltr'><em>εὐνομία,</em></span> <span class='ocrx_word' id='word_1_37' title='bbox 749 804 789 880; x_wconf 79' lang='grc' dir='ltr'><em>εὴ</em></span> <span class='ocrx_word' id='word_1_38' title='bbox 809 793 846 860; x_wconf 67' lang='grc' dir='ltr'><em>δὲ</em></span> <span class='ocrx_word' id='word_1_39' title='bbox 862 794 980 881; x_wconf 81' lang='grc' dir='ltr'><em>ἡδίστχχ</em></span> <span class='ocrx_word' id='word_1_40' title='bbox 1000 805 1164 860; x_wconf 77' lang='grc' dir='ltr'><em>συνεῖναι·</em></span> <span class='ocrx_word' id='word_1_41' title='bbox 1180 812 1211 853; x_wconf 79' lang='grc' dir='ltr'><em>εν</em></span> 
     </span>
     <span class='ocr_line' id='line_1_7' title="bbox 147 896 1166 992; baseline -0.004 -22"><span class='ocrx_word' id='word_1_42' title='bbox 147 904 348 992; x_wconf 73' lang='grc' dir='ltr'><em>πραγμάτων</em></span> <span class='ocrx_word' id='word_1_43' title='bbox 366 900 428 989; x_wconf 72' lang='grc' dir='ltr'><em>μέν</em></span> <span class='ocrx_word' id='word_1_44' title='bbox 446 905 511 989; x_wconf 84' lang='grc' dir='ltr'><em>γάρ</em></span> <span class='ocrx_word' id='word_1_45' title='bbox 530 905 696 989; x_wconf 76' lang='grc' dir='ltr'><em>φροντίδα</em></span> <span class='ocrx_word' id='word_1_46' title='bbox 715 901 921 987; x_wconf 83' lang='grc' dir='ltr'><em>ἀηδεστάτην</em></span> <span class='ocrx_word' id='word_1_47' title='bbox 940 896 1037 985; x_wconf 76' lang='grc' dir='ltr'><em>εἶναι,</em></span> <span class='ocrx_word' id='word_1_48' title='bbox 1056 903 1166 988; x_wconf 85' lang='grc' dir='ltr'><em>έργων</em></span> 
     </span>
    </p>

    <p class='ocr_par' dir='ltr' id='par_1_4' title="bbox 148 1009 358 1094">
     <span class='ocr_line' id='line_1_8' title="bbox 148 1009 358 1094; baseline 0.005 -19"><span class='ocrx_word' id='word_1_49' title='bbox 148 1009 185 1076; x_wconf 77' lang='grc' dir='ltr'><em>δέ</em></span> <span class='ocrx_word' id='word_1_50' title='bbox 208 1009 358 1094; x_wconf 75' lang='grc' dir='ltr'><em>ἡδίστην.</em></span> 
     </span>
    </p>

    <p class='ocr_par' dir='ltr' id='par_1_5' title="bbox 147 1111 1166 1309">
     <span class='ocr_line' id='line_1_9' title="bbox 235 1111 1166 1200; baseline -0.001 -19"><span class='ocrx_word' id='word_1_51' title='bbox 235 1121 297 1194; x_wconf 83' lang='grc' dir='ltr'><em>Είς</em></span> <span class='ocrx_word' id='word_1_52' title='bbox 317 1140 354 1183; x_wconf 89' lang='grc' dir='ltr'><em>τε</em></span> <span class='ocrx_word' id='word_1_53' title='bbox 376 1111 420 1182; x_wconf 81' lang='grc' dir='ltr'><em>αὖ</em></span> <span class='ocrx_word' id='word_1_54' title='bbox 443 1118 503 1182; x_wconf 89' lang='grc' dir='ltr'><em>τὸν</em></span> <span class='ocrx_word' id='word_1_55' title='bbox 524 1117 634 1182; x_wconf 79' lang='grc' dir='ltr'><em>ὕπνον</em></span> <span class='ocrx_word' id='word_1_56' title='bbox 659 1118 780 1199; x_wconf 81' lang='grc' dir='ltr'><em>ἰοῦσιν,</em></span> <span class='ocrx_word' id='word_1_57' title='bbox 804 1116 884 1200; x_wconf 82' lang='grc' dir='ltr'><em>ὅπερ</em></span> <span class='ocrx_word' id='word_1_58' title='bbox 908 1114 1086 1199; x_wconf 87' lang='grc' dir='ltr'><em>ἀνάπαυμα</em></span> <span class='ocrx_word' id='word_1_59' title='bbox 1109 1138 1166 1179; x_wconf 85' lang='grc' dir='ltr'><em>κα-</em></span> 
     </span>
     <span class='ocr_line' id='line_1_10' title="bbox 147 1219 1166 1309; baseline -0.001 -22"><span class='ocrx_word' id='word_1_60' title='bbox 147 1233 216 1288; x_wconf 82' lang='grc' dir='ltr'><em>κῶν</em></span> <span class='ocrx_word' id='word_1_61' title='bbox 244 1222 335 1289; x_wconf 82' lang='grc' dir='ltr'><em>ἐστιν</em></span> <span class='ocrx_word' id='word_1_62' title='bbox 357 1222 566 1309; x_wconf 82' lang='grc' dir='ltr'><em>ἀνθρώποις,</em></span> <span class='ocrx_word' id='word_1_63' title='bbox 595 1222 746 1306; x_wconf 79' lang='grc' dir='ltr'><em>ἀφόβους</em></span> <span class='ocrx_word' id='word_1_64' title='bbox 773 1219 834 1307; x_wconf 73' lang='grc' dir='ltr'><em>μὲν</em></span> <span class='ocrx_word' id='word_1_65' title='bbox 862 1219 918 1287; x_wconf 84' lang='grc' dir='ltr'><em>καλ</em></span> <span class='ocrx_word' id='word_1_66' title='bbox 941 1222 1052 1287; x_wconf 87' lang='grc' dir='ltr'><em>άλυπα</em></span> <span class='ocrx_word' id='word_1_67' title='bbox 1074 1245 1166 1307; x_wconf 87' lang='grc' dir='ltr'><em>μερι-</em></span> 
     </span>
    </p>

    <p class='ocr_par' dir='ltr' id='par_1_6' title="bbox 108 1323 1210 1840">
     <span class='ocr_line' id='line_1_11' title="bbox 108 1323 1167 1415; baseline -0.002 -21"><span class='ocrx_word' id='word_1_68' title='bbox 108 1347 135 1386; x_wconf 82' lang='grc'><em>10</em></span> <span class='ocrx_word' id='word_1_69' title='bbox 148 1339 300 1414; x_wconf 79' lang='grc' dir='ltr'><em>μνῶντας</em></span> <span class='ocrx_word' id='word_1_70' title='bbox 322 1330 481 1415; x_wconf 78' lang='grc' dir='ltr'><em>ἔρχεσθαι</em></span> <span class='ocrx_word' id='word_1_71' title='bbox 503 1331 551 1407; x_wconf 85' lang='grc' dir='ltr'><em>είς</em></span> <span class='ocrx_word' id='word_1_72' title='bbox 574 1328 692 1411; x_wconf 87' lang='grc' dir='ltr'><em>αὐτόν,</em></span> <span class='ocrx_word' id='word_1_73' title='bbox 720 1327 942 1413; x_wconf 77' lang='grc' dir='ltr'><em>γιγνομένους</em></span> <span class='ocrx_word' id='word_1_74' title='bbox 969 1326 1007 1394; x_wconf 71' lang='grc' dir='ltr'><em>δὲ</em></span> <span class='ocrx_word' id='word_1_75' title='bbox 1029 1323 1080 1393; x_wconf 80' lang='grc' dir='ltr'><em>ἐπ’</em></span> <span class='ocrx_word' id='word_1_76' title='bbox 1108 1327 1167 1392; x_wconf 88' lang='grc' dir='ltr'><em>αὐ-</em></span> 
     </span>
     <span class='ocr_line' id='line_1_12' title="bbox 147 1432 1168 1520; baseline 0 -22"><span class='ocrx_word' id='word_1_77' title='bbox 147 1443 208 1499; x_wconf 85' lang='grc' dir='ltr'><em>τοῦ</em></span> <span class='ocrx_word' id='word_1_78' title='bbox 231 1433 326 1520; x_wconf 77' lang='grc' dir='ltr'><em>ἕτερα</em></span> <span class='ocrx_word' id='word_1_79' title='bbox 347 1442 485 1502; x_wconf 86' lang='grc' dir='ltr'><em>τοιαῦτα</em></span> <span class='ocrx_word' id='word_1_80' title='bbox 507 1435 661 1520; x_wconf 77' lang='grc' dir='ltr'><em>πάσχειν,</em></span> <span class='ocrx_word' id='word_1_81' title='bbox 689 1432 746 1500; x_wconf 85' lang='grc' dir='ltr'><em>καλ</em></span> <span class='ocrx_word' id='word_1_82' title='bbox 768 1436 813 1520; x_wconf 89' lang='grc' dir='ltr'><em>μὴ</em></span> <span class='ocrx_word' id='word_1_83' title='bbox 836 1434 1007 1520; x_wconf 85' lang='grc' dir='ltr'><em>έμφόβους</em></span> <span class='ocrx_word' id='word_1_84' title='bbox 1029 1433 1168 1514; x_wconf 80' lang='grc' dir='ltr'><em>ἐξάπινα</em></span> 
     </span>
     <span class='ocr_line' id='line_1_13' title="bbox 147 1537 1169 1626; baseline 0 -21"><span class='ocrx_word' id='word_1_85' title='bbox 147 1542 375 1606; x_wconf 72' lang='grc' dir='ltr'><em>καθίστασθαι</em></span> <span class='ocrx_word' id='word_1_86' title='bbox 388 1543 410 1623; x_wconf 85' lang='lat'><strong>†</strong></span> <span class='ocrx_word' id='word_1_87' title='bbox 424 1537 496 1607; x_wconf 81' lang='grc' dir='ltr'><em>οὐδ’</em></span> <span class='ocrx_word' id='word_1_88' title='bbox 516 1540 552 1606; x_wconf 87' lang='grc' dir='ltr'><em>έιι</em></span> <span class='ocrx_word' id='word_1_89' title='bbox 571 1546 775 1626; x_wconf 77' lang='grc' dir='ltr'><em>μεταλλαγῆς</em></span> <span class='ocrx_word' id='word_1_90' title='bbox 787 1540 925 1625; x_wconf 82' lang='grc' dir='ltr'><em>ἡδίστης</em></span> <span class='ocrx_word' id='word_1_91' title='bbox 938 1549 999 1606; x_wconf 87' lang='grc' dir='ltr'><em>τοῦ</em></span> <span class='ocrx_word' id='word_1_92' title='bbox 1012 1541 1169 1624; x_wconf 86' lang='grc' dir='ltr'><em>γνωστὴν</em></span> 
     </span>
     <span class='ocr_line' id='line_1_14' title="bbox 148 1641 1169 1733; baseline 0.001 -22"><span class='ocrx_word' id='word_1_93' title='bbox 148 1648 210 1731; x_wconf 91' lang='grc' dir='ltr'><em>τὴν</em></span> <span class='ocrx_word' id='word_1_94' title='bbox 228 1645 354 1733; x_wconf 89' lang='grc' dir='ltr'><em>ἡμέραν</em></span> <span class='ocrx_word' id='word_1_95' title='bbox 374 1641 460 1713; x_wconf 90' lang='grc' dir='ltr'><em>είναι</em></span> <span class='ocrx_word' id='word_1_96' title='bbox 477 1646 734 1733; x_wconf 83' lang='grc' dir='ltr'><em>προσδέχεσθαι,</em></span> <span class='ocrx_word' id='word_1_97' title='bbox 757 1647 841 1713; x_wconf 89' lang='grc' dir='ltr'><em>άλλδι</em></span> <span class='ocrx_word' id='word_1_98' title='bbox 858 1646 964 1732; x_wconf 92' lang='grc' dir='ltr'><em>ἡδέως</em></span> <span class='ocrx_word' id='word_1_99' title='bbox 982 1647 1169 1733; x_wconf 82' lang='grc' dir='ltr'><em>φροντίδας</em></span> 
     </span>
     <span class='ocr_line' id='line_1_15' title="bbox 148 1750 1210 1840; baseline -0.001 -21"><span class='ocrx_word' id='word_1_100' title='bbox 148 1750 210 1838; x_wconf 73' lang='grc' dir='ltr'><em>μέν</em></span> <span class='ocrx_word' id='word_1_101' title='bbox 229 1752 377 1831; x_wconf 86' lang='grc' dir='ltr'><em>ἀλύπους</em></span> <span class='ocrx_word' id='word_1_102' title='bbox 394 1751 469 1837; x_wconf 80' lang='grc' dir='ltr'><em>περὶ</em></span> <span class='ocrx_word' id='word_1_103' title='bbox 487 1754 529 1819; x_wconf 86' lang='grc' dir='ltr'><em>τδι</em></span> <span class='ocrx_word' id='word_1_104' title='bbox 546 1756 627 1840; x_wconf 88' lang='grc' dir='ltr'><em>έργα</em></span> <span class='ocrx_word' id='word_1_105' title='bbox 650 1763 707 1838; x_wconf 84' lang='grc' dir='ltr'><em>τῆς</em></span> <span class='ocrx_word' id='word_1_106' title='bbox 726 1758 808 1838; x_wconf 79' lang='grc' dir='ltr'><em>ζωῆς</em></span> <span class='ocrx_word' id='word_1_107' title='bbox 830 1753 1064 1839; x_wconf 79' lang='grc' dir='ltr'><em>ποιουμένους,</em></span> <span class='ocrx_word' id='word_1_108' title='bbox 1087 1755 1169 1831; x_wconf 84' lang='grc' dir='ltr'><em>τοὺς</em></span> <span class='ocrx_word' id='word_1_109' title='bbox 1185 1772 1210 1812; x_wconf 76' lang='lat'><em>12</em></span> 
     </span>
    </p>

    <p class='ocr_par' dir='ltr' id='par_1_7' title="bbox 110 1856 1169 1945">
     <span class='ocr_line' id='line_1_16' title="bbox 110 1856 1169 1945; baseline 0 -20"><span class='ocrx_word' id='word_1_110' title='bbox 110 1875 135 1916; x_wconf 84' lang='lat'><em>15</em></span> <span class='ocrx_word' id='word_1_111' title='bbox 148 1863 274 1936; x_wconf 87' lang='grc' dir='ltr'><em>πόνους</em></span> <span class='ocrx_word' id='word_1_112' title='bbox 297 1856 334 1925; x_wconf 76' lang='grc' dir='ltr'><em>δέ</em></span> <span class='ocrx_word' id='word_1_113' title='bbox 356 1868 396 1945; x_wconf 81' lang='grc' dir='ltr'><em>τὴ</em></span> <span class='ocrx_word' id='word_1_114' title='bbox 420 1858 593 1943; x_wconf 78' lang='grc' dir='ltr'><em>άντιλὴιγει</em></span> <span class='ocrx_word' id='word_1_115' title='bbox 613 1859 753 1944; x_wconf 81' lang='grc' dir='ltr'><em>ἀγαθῶν</em></span> <span class='ocrx_word' id='word_1_116' title='bbox 772 1860 902 1926; x_wconf 81' lang='grc' dir='ltr'><em>ἐλπίσιν</em></span> <span class='ocrx_word' id='word_1_117' title='bbox 921 1860 1089 1937; x_wconf 83' lang='grc' dir='ltr'><em>εὐπίστοις</em></span> <span class='ocrx_word' id='word_1_118' title='bbox 1111 1858 1169 1925; x_wconf 80' lang='grc' dir='ltr'><em>καὶ</em></span> 
     </span>
    </p>
   </div>
   <div class='ocr_carea' id='block_1_3' title="bbox 108 1963 1211 2690">
    <p class='ocr_par' dir='ltr' id='par_1_8' title="bbox 108 1963 1211 2690">
     <span class='ocr_line' id='line_1_17' title="bbox 149 1963 1169 2052; baseline 0.001 -21"><span class='ocrx_word' id='word_1_119' title='bbox 149 1967 429 2052; x_wconf 84' lang='grc' dir='ltr'><em>εὐπροσδοκὴτοις</em></span> <span class='ocrx_word' id='word_1_120' title='bbox 447 1965 743 2051; x_wconf 81' lang='grc' dir='ltr'><em>άνακουφίζοντας,</em></span> <span class='ocrx_word' id='word_1_121' title='bbox 766 1963 815 2032; x_wconf 84' lang='grc' dir='ltr'><em>ὧν</em></span> <span class='ocrx_word' id='word_1_122' title='bbox 837 1968 972 2032; x_wconf 86' lang='grc' dir='ltr'><em>πάντων</em></span> <span class='ocrx_word' id='word_1_123' title='bbox 990 1967 1052 2050; x_wconf 92' lang='grc' dir='ltr'><em>τὴν</em></span> <span class='ocrx_word' id='word_1_124' title='bbox 1071 1965 1169 2032; x_wconf 82' lang='grc' dir='ltr'><em>εὐνο-</em></span> 
     </span>
     <span class='ocr_line' id='line_1_18' title="bbox 149 2067 480 2155; baseline 0.003 -19"><span class='ocrx_word' id='word_1_125' title='bbox 149 2075 229 2155; x_wconf 90' lang='grc' dir='ltr'><em>μίαν</em></span> <span class='ocrx_word' id='word_1_126' title='bbox 252 2072 362 2137; x_wconf 90' lang='grc' dir='ltr'><em>αίτίαν</em></span> <span class='ocrx_word' id='word_1_127' title='bbox 385 2067 480 2138; x_wconf 79' lang='grc' dir='ltr'><em>εἶναι.</em></span> 
     </span>
     <span class='ocr_line' id='line_1_19' title="bbox 238 2175 1169 2265; baseline 0.003 -24"><span class='ocrx_word' id='word_1_128' title='bbox 238 2175 305 2242; x_wconf 85' lang='grc' dir='ltr'><em>Καὶ</em></span> <span class='ocrx_word' id='word_1_129' title='bbox 318 2179 356 2242; x_wconf 88' lang='grc' dir='ltr'><em>τὸ</em></span> <span class='ocrx_word' id='word_1_130' title='bbox 369 2180 453 2243; x_wconf 84' lang='grc' dir='ltr'><em>καιιά</em></span> <span class='ocrx_word' id='word_1_131' title='bbox 466 2177 603 2263; x_wconf 92' lang='grc' dir='ltr'><em>μέγιστα</em></span> <span class='ocrx_word' id='word_1_132' title='bbox 616 2189 685 2257; x_wconf 80' lang='grc' dir='ltr'><em>τοῖς</em></span> <span class='ocrx_word' id='word_1_133' title='bbox 699 2178 893 2263; x_wconf 83' lang='grc' dir='ltr'><em>ἀνθρώποις</em></span> <span class='ocrx_word' id='word_1_134' title='bbox 905 2181 1052 2265; x_wconf 80' lang='grc' dir='ltr'><em>πορίζον,</em></span> <span class='ocrx_word' id='word_1_135' title='bbox 1069 2179 1169 2244; x_wconf 87' lang='grc' dir='ltr'><em>πόλε-</em></span> 
     </span>
     <span class='ocr_line' id='line_1_20' title="bbox 149 2282 1169 2371; baseline 0.002 -23"><span class='ocrx_word' id='word_1_136' title='bbox 149 2306 214 2367; x_wconf 94' lang='grc' dir='ltr'><em>μον</em></span> <span class='ocrx_word' id='word_1_137' title='bbox 237 2282 479 2371; x_wconf 80' lang='grc' dir='ltr'><em>ἐπιφερόμενον</em></span> <span class='ocrx_word' id='word_1_138' title='bbox 502 2286 550 2363; x_wconf 87' lang='grc' dir='ltr'><em>είς</em></span> <span class='ocrx_word' id='word_1_139' title='bbox 571 2287 805 2371; x_wconf 85' lang='grc' dir='ltr'><em>ιιαταστροφὴν</em></span> <span class='ocrx_word' id='word_1_140' title='bbox 830 2283 885 2352; x_wconf 83' lang='grc' dir='ltr'><em>ιιαλ</em></span> <span class='ocrx_word' id='word_1_141' title='bbox 909 2285 1088 2369; x_wconf 85' lang='grc' dir='ltr'><em>δούλωσιν,</em></span> <span class='ocrx_word' id='word_1_142' title='bbox 1111 2283 1169 2350; x_wconf 80' lang='grc' dir='ltr'><em>καὶ</em></span> 
     </span>
     <span class='ocr_line' id='line_1_21' title="bbox 108 2389 1169 2479; baseline 0.002 -25"><span class='ocrx_word' id='word_1_143' title='bbox 108 2407 135 2447; x_wconf 76' lang='lat'><em>20</em></span> <span class='ocrx_word' id='word_1_144' title='bbox 149 2398 248 2455; x_wconf 86' lang='grc' dir='ltr'><em>τοῦτο</em></span> <span class='ocrx_word' id='word_1_145' title='bbox 267 2390 431 2476; x_wconf 86' lang='grc' dir='ltr'><em>άνομοῦσι</em></span> <span class='ocrx_word' id='word_1_146' title='bbox 449 2390 511 2477; x_wconf 79' lang='grc' dir='ltr'><em>μέν</em></span> <span class='ocrx_word' id='word_1_147' title='bbox 529 2397 657 2478; x_wconf 87' lang='grc' dir='ltr'><em>μᾶλλον</em></span> <span class='ocrx_word' id='word_1_148' title='bbox 675 2392 883 2479; x_wconf 80' lang='grc' dir='ltr'><em>ἐπέρχεσθαι,</em></span> <span class='ocrx_word' id='word_1_149' title='bbox 905 2389 1169 2476; x_wconf 83' lang='grc' dir='ltr'><em>εὐνομουμένοις</em></span> 
     </span>
     <span class='ocr_line' id='line_1_22' title="bbox 150 2491 321 2580; baseline 0.012 -19"><span class='ocrx_word' id='word_1_150' title='bbox 150 2491 181 2561; x_wconf 87' lang='grc' dir='ltr'><em>δ’</em></span> <span class='ocrx_word' id='word_1_151' title='bbox 206 2491 321 2580; x_wconf 80' lang='grc' dir='ltr'><em>ἡστον.</em></span> 
     </span>
     <span class='ocr_line' id='line_1_23' title="bbox 238 2600 1211 2690; baseline 0.004 -25"><span class='ocrx_word' id='word_1_152' title='bbox 238 2601 305 2667; x_wconf 84' lang='grc' dir='ltr'><em>Καὶ</em></span> <span class='ocrx_word' id='word_1_153' title='bbox 333 2604 416 2668; x_wconf 84' lang='grc' dir='ltr'><em>ἀλλα</em></span> <span class='ocrx_word' id='word_1_154' title='bbox 444 2600 481 2668; x_wconf 71' lang='grc' dir='ltr'><em>δὲ</em></span> <span class='ocrx_word' id='word_1_155' title='bbox 504 2605 611 2669; x_wconf 88' lang='grc' dir='ltr'><em>πολλά</em></span> <span class='ocrx_word' id='word_1_156' title='bbox 639 2603 729 2669; x_wconf 83' lang='grc' dir='ltr'><em>ἐστιν</em></span> <span class='ocrx_word' id='word_1_157' title='bbox 756 2604 793 2669; x_wconf 88' lang='grc' dir='ltr'><em>έν</em></span> <span class='ocrx_word' id='word_1_158' title='bbox 815 2613 854 2689; x_wconf 75' lang='grc' dir='ltr'><em>τῇ</em></span> <span class='ocrx_word' id='word_1_159' title='bbox 878 2603 1018 2690; x_wconf 80' lang='grc' dir='ltr'><em>εὐνομία</em></span> <span class='ocrx_word' id='word_1_160' title='bbox 1041 2601 1166 2687; x_wconf 91' lang='grc' dir='ltr'><em>ἀγαθά,</em></span> <span class='ocrx_word' id='word_1_161' title='bbox 1180 2620 1211 2662; x_wconf 66' lang='lat'><em>⁸⁰¹</em></span> 
     </span>
    </p>
   </div>
   <div class='ocr_carea' id='block_1_4' title="bbox 108 2706 1168 3221">
    <p class='ocr_par' dir='ltr' id='par_1_9' title="bbox 108 2706 1168 3004">
     <span class='ocr_line' id='line_1_24' title="bbox 149 2706 1168 2797; baseline 0.004 -26"><span class='ocrx_word' id='word_1_162' title='bbox 149 2706 232 2793; x_wconf 83' lang='grc' dir='ltr'><em>άπερ</em></span> <span class='ocrx_word' id='word_1_163' title='bbox 260 2707 505 2796; x_wconf 85' lang='grc' dir='ltr'><em>έπικονρὴματα</em></span> <span class='ocrx_word' id='word_1_164' title='bbox 532 2718 571 2795; x_wconf 81' lang='grc' dir='ltr'><em>τὴ</em></span> <span class='ocrx_word' id='word_1_165' title='bbox 601 2714 665 2796; x_wconf 73' lang='grc' dir='ltr'><em>ζωῇ</em></span> <span class='ocrx_word' id='word_1_166' title='bbox 693 2708 748 2775; x_wconf 85' lang='grc' dir='ltr'><em>καλ</em></span> <span class='ocrx_word' id='word_1_167' title='bbox 774 2710 953 2797; x_wconf 79' lang='grc' dir='ltr'><em>παραψυχὴ</em></span> <span class='ocrx_word' id='word_1_168' title='bbox 980 2720 1049 2775; x_wconf 82' lang='grc' dir='ltr'><em>τῶν</em></span> <span class='ocrx_word' id='word_1_169' title='bbox 1071 2716 1168 2794; x_wconf 88' lang='grc' dir='ltr'><em>χαλε-</em></span> 
     </span>
     <span class='ocr_line' id='line_1_25' title="bbox 149 2813 1166 2902; baseline 0.004 -24"><span class='ocrx_word' id='word_1_170' title='bbox 149 2824 222 2879; x_wconf 82' lang='grc' dir='ltr'><em>πῶν</em></span> <span class='ocrx_word' id='word_1_171' title='bbox 249 2814 282 2893; x_wconf 82' lang='grc' dir='ltr'><em>ἐξ</em></span> <span class='ocrx_word' id='word_1_172' title='bbox 310 2816 411 2900; x_wconf 75' lang='grc' dir='ltr'><em>αὐτῆς</em></span> <span class='ocrx_word' id='word_1_173' title='bbox 440 2819 601 2899; x_wconf 89' lang='grc' dir='ltr'><em>γίγνεται·</em></span> <span class='ocrx_word' id='word_1_174' title='bbox 634 2818 675 2881; x_wconf 88' lang='grc' dir='ltr'><em>τά</em></span> <span class='ocrx_word' id='word_1_175' title='bbox 702 2813 734 2882; x_wconf 89' lang='grc' dir='ltr'><em>δ’</em></span> <span class='ocrx_word' id='word_1_176' title='bbox 766 2816 802 2882; x_wconf 83' lang='grc' dir='ltr'><em>ἐκ</em></span> <span class='ocrx_word' id='word_1_177' title='bbox 828 2826 887 2902; x_wconf 83' lang='grc' dir='ltr'><em>τὴς</em></span> <span class='ocrx_word' id='word_1_178' title='bbox 915 2815 1055 2902; x_wconf 87' lang='grc' dir='ltr'><em>ἀνομίας</em></span> <span class='ocrx_word' id='word_1_179' title='bbox 1082 2817 1166 2882; x_wconf 84' lang='grc' dir='ltr'><em>ιιαιιά</em></span> 
     </span>
     <span class='ocr_line' id='line_1_26' title="bbox 108 2919 598 3004; baseline 0.006 -20"><span class='ocrx_word' id='word_1_180' title='bbox 108 2937 135 2977; x_wconf 80' lang='lat'><em>2⁵</em></span> <span class='ocrx_word' id='word_1_181' title='bbox 149 2919 375 3004; x_wconf 82' lang='grc' dir='ltr'><em>ἀποβαίνοντα</em></span> <span class='ocrx_word' id='word_1_182' title='bbox 397 2922 477 2986; x_wconf 87' lang='grc' dir='ltr'><em>τάδε</em></span> <span class='ocrx_word' id='word_1_183' title='bbox 500 2921 598 2988; x_wconf 79' lang='grc' dir='ltr'><em>ἐστίν.</em></span> 
     </span>
    </p>

    <p class='ocr_par' dir='ltr' id='par_1_10' title="bbox 135 3024 1165 3221">
     <span class='ocr_line' id='line_1_27' title="bbox 135 3024 1165 3115; baseline 0.001 -22"><span class='ocrx_word' id='word_1_184' title='bbox 135 3087 138 3093; x_wconf 94' lang='grc'><em>.</em></span> <span class='ocrx_word' id='word_1_185' title='bbox 229 3025 386 3112; x_wconf 79' lang='grc' dir='ltr'><em>’Ἀσχολοι</em></span> <span class='ocrx_word' id='word_1_186' title='bbox 409 3024 471 3111; x_wconf 72' lang='grc' dir='ltr'><em>μέν</em></span> <span class='ocrx_word' id='word_1_187' title='bbox 493 3039 626 3111; x_wconf 82' lang='grc' dir='ltr'><em>πρῶτον</em></span> <span class='ocrx_word' id='word_1_188' title='bbox 654 3029 690 3093; x_wconf 90' lang='grc' dir='ltr'><em>οί</em></span> <span class='ocrx_word' id='word_1_189' title='bbox 710 3030 885 3112; x_wconf 83' lang='grc' dir='ltr'><em>άνθρωποι</em></span> <span class='ocrx_word' id='word_1_190' title='bbox 913 3032 996 3115; x_wconf 87' lang='grc' dir='ltr'><em>πρὸς</em></span> <span class='ocrx_word' id='word_1_191' title='bbox 1022 3031 1063 3094; x_wconf 86' lang='grc' dir='ltr'><em>τὰ</em></span> <span class='ocrx_word' id='word_1_192' title='bbox 1086 3031 1165 3113; x_wconf 81' lang='grc' dir='ltr'><em>ἔργα</em></span> 
     </span>
     <span class='ocr_line' id='line_1_28' title="bbox 149 3131 1165 3221; baseline 0.003 -23"><span class='ocrx_word' id='word_1_193' title='bbox 149 3135 322 3217; x_wconf 91' lang='grc' dir='ltr'><em>γίγνονται</em></span> <span class='ocrx_word' id='word_1_194' title='bbox 338 3158 394 3198; x_wconf 84' lang='grc' dir='ltr'><em>και</em></span> <span class='ocrx_word' id='word_1_195' title='bbox 383 3131 641 3218; x_wconf 79' lang='grc' dir='ltr'><em>ἐπιμελοῦνται</em></span> <span class='ocrx_word' id='word_1_196' title='bbox 653 3144 714 3201; x_wconf 86' lang='grc' dir='ltr'><em>τοῦ</em></span> <span class='ocrx_word' id='word_1_197' title='bbox 729 3133 944 3218; x_wconf 82' lang='grc' dir='ltr'><em>ἀὴδεστάτου,</em></span> <span class='ocrx_word' id='word_1_198' title='bbox 963 3136 1165 3221; x_wconf 86' lang='grc' dir='ltr'><em>πραγμάτων</em></span> 
     </span>
    </p>
   </div>
   <div class='ocr_carea' id='block_1_5' title="bbox 115 3253 1166 3654">
    <p class='ocr_par' dir='ltr' id='par_1_11' title="bbox 127 3253 1166 3574">
     <span class='ocr_line' id='line_1_29' title="bbox 240 3253 1163 3362; baseline 0.003 -19"><span class='ocrx_word' id='word_1_199' title='bbox 240 3296 273 3345; x_wconf 78' lang='lat'><em>12</em></span> <span class='ocrx_word' id='word_1_200' title='bbox 294 3253 372 3362; x_wconf 81' lang='grc' dir='ltr'><em>οάδ]</em></span> <span class='ocrx_word' id='word_1_201' title='bbox 397 3281 452 3344; x_wconf 83' lang='grc' dir='ltr'><em>ὦδε</em></span> <span class='ocrx_word' id='word_1_202' title='bbox 477 3286 506 3346; x_wconf 89' lang='grc' dir='ltr'><em>δ’</em></span> <span class='ocrx_word' id='word_1_203' title='bbox 533 3291 622 3362; x_wconf 84' lang='lat' dir='ltr'><strong>(Diels</strong></span> <span class='ocrx_word' id='word_1_204' title='bbox 640 3296 721 3362; x_wconf 73' lang='lat' dir='ltr'><strong>praet</strong></span> <span class='ocrx_word' id='word_1_205' title='bbox 709 3292 807 3347; x_wconf 69' lang='lat' dir='ltr'>tulerit</span> <span class='ocrx_word' id='word_1_206' title='bbox 829 3292 878 3348; x_wconf 85' lang='grc' dir='ltr'><em>ιιιδ</em></span> <span class='ocrx_word' id='word_1_207' title='bbox 901 3287 968 3362; x_wconf 82' lang='grc' dir='ltr'><em>ἤδη)</em></span> <span class='ocrx_word' id='word_1_208' title='bbox 992 3295 1022 3346; x_wconf 80' lang='lat' dir='ltr'><em>et</em></span> <span class='ocrx_word' id='word_1_209' title='bbox 1044 3309 1110 3347; x_wconf 89' lang='lat' dir='ltr'><em>mox</em></span> <span class='ocrx_word' id='word_1_210' title='bbox 1132 3287 1163 3346; x_wconf 83' lang='grc' dir='ltr'><em>τὸ</em></span> 
     </span>
     <span class='ocr_line' id='line_1_30' title="bbox 149 3358 1164 3445; baseline 0.003 -30"><span class='ocrx_word' id='word_1_211' title='bbox 149 3358 276 3430; x_wconf 86' lang='grc' dir='ltr'><em>γνωοτὴν</em></span> <span class='ocrx_word' id='word_1_212' title='bbox 296 3362 333 3430; x_wconf 92' lang='lat' dir='ltr'><em>(h.</em></span> <span class='ocrx_word' id='word_1_213' title='bbox 349 3379 372 3416; x_wconf 82' lang='lat' dir='ltr'><em>s.</em></span> <span class='ocrx_word' id='word_1_214' title='bbox 388 3359 529 3445; x_wconf 85' lang='grc' dir='ltr'><em>φανεράν)</em></span> <span class='ocrx_word' id='word_1_215' title='bbox 544 3380 595 3432; x_wconf 89' lang='lat' dir='ltr'><em>pro</em></span> <span class='ocrx_word' id='word_1_216' title='bbox 614 3364 665 3417; x_wconf 83' lang='grc' dir='ltr'><em>τοῦ</em></span> <span class='ocrx_word' id='word_1_217' title='bbox 679 3359 806 3431; x_wconf 85' lang='grc' dir='ltr'><em>γνωστὴν</em></span> <span class='ocrx_word' id='word_1_218' title='bbox 824 3364 932 3434; x_wconf 74' lang='lat' dir='ltr'>(atque</span> <span class='ocrx_word' id='word_1_219' title='bbox 946 3363 1009 3431; x_wconf 75' lang='lat' dir='ltr'>ita’,</span> <span class='ocrx_word' id='word_1_220' title='bbox 1025 3361 1086 3420; x_wconf 85' lang='lat' dir='ltr'><strong>scil</strong></span> <span class='ocrx_word' id='word_1_221' title='bbox 1102 3379 1164 3418; x_wconf 80' lang='lat' dir='ltr'>con·</span> 
     </span>
     <span class='ocr_line' id='line_1_31' title="bbox 145 3430 1166 3517; baseline 0.003 -34"><span class='ocrx_word' id='word_1_222' title='bbox 145 3434 270 3500; x_wconf 71' lang='lat' dir='ltr'><em>temtos,</em></span> <span class='ocrx_word' id='word_1_223' title='bbox 301 3434 377 3502; x_wconf 73' lang='lat' dir='ltr'><strong>‘post</strong></span> <span class='ocrx_word' id='word_1_224' title='bbox 395 3431 592 3489; x_wconf 77' lang='lat' dir='ltr'><strong>suavissimam</strong></span> <span class='ocrx_word' id='word_1_225' title='bbox 615 3435 706 3488; x_wconf 84' lang='lat' dir='ltr'><strong>somni</strong></span> <span class='ocrx_word' id='word_1_226' title='bbox 724 3435 815 3490; x_wconf 84' lang='lat' dir='ltr'><strong>vicem</strong></span> <span class='ocrx_word' id='word_1_227' title='bbox 837 3438 998 3504; x_wconf 77' lang='lat' dir='ltr'><strong>exspectare</strong></span> <span class='ocrx_word' id='word_1_228' title='bbox 1017 3433 1119 3517; x_wconf 80' lang='lat' dir='ltr'><strong>dism&#39;)</strong></span> <span class='ocrx_word' id='word_1_229' title='bbox 1142 3430 1166 3487; x_wconf 83' lang='lat' dir='ltr'><em>si</em></span> 
     </span>
     <span class='ocr_line' id='line_1_32' title="bbox 127 3503 1166 3588; baseline 0.011 -39"><span class='ocrx_word' id='word_1_230' title='bbox 127 3505 212 3555; x_wconf 73' lang='lat' dir='ltr'><em>teoto</em></span> <span class='ocrx_word' id='word_1_231' title='bbox 217 3505 375 3588; x_wconf 74' lang='lat' dir='ltr'><em>proponit</em></span> <span class='ocrx_word' id='word_1_232' title='bbox 364 3504 511 3576; x_wconf 59' lang='lat' dir='ltr'><strong>mitelli,</strong></span> <span class='ocrx_word' id='word_1_233' title='bbox 529 3504 616 3564; x_wconf 75' lang='lat' dir='ltr'><strong>facile</strong></span> <span class='ocrx_word' id='word_1_234' title='bbox 635 3504 794 3562; x_wconf 66' lang='lat' dir='ltr'><strong>carebimus</strong></span> <span class='ocrx_word' id='word_1_235' title='bbox 809 3504 860 3559; x_wconf 57' lang='grc' dir='ltr'><em>πελ</em></span> <span class='ocrx_word' id='word_1_236' title='bbox 873 3503 1039 3574; x_wconf 64' lang='lat' dir='ltr'><strong>Kissslingii</strong></span> <span class='ocrx_word' id='word_1_237' title='bbox 1057 3505 1166 3561; x_wconf 80' lang='lat' dir='ltr'>coniec-</span> 
     </span>
    </p>

    <p class='ocr_par' dir='ltr' id='par_1_12' title="bbox 115 3549 827 3654">
     <span class='ocr_line' id='line_1_33' title="bbox 115 3549 827 3654; baseline 0.024 -38"><span class='ocrx_word' id='word_1_238' title='bbox 115 3567 186 3623; x_wconf 76' lang='lat' dir='ltr'><em>tum</em></span> <span class='ocrx_word' id='word_1_239' title='bbox 203 3566 420 3650; x_wconf 76' lang='grc' dir='ltr'><em>ἀνίστασθαιὴ</em></span> <span class='ocrx_word' id='word_1_240' title='bbox 436 3584 470 3636; x_wconf 91' lang='grc'><em>16</em></span> <span class='ocrx_word' id='word_1_241' title='bbox 492 3549 795 3654; x_wconf 58' lang='grc' dir='ltr'><em>εάιιροσδοιιήιοιςὴ</em></span> <span class='ocrx_word' id='word_1_242' title='bbox 776 3594 827 3633; x_wconf 74' lang='lat' dir='ltr'><em>sm</em></span> 
     </span>
    </p>
   </div>
   <div class='ocr_carea' id='block_1_6' title="bbox 0 0 1220 3848">
    <p class='ocr_par' dir='ltr' id='par_1_13' title="bbox 0 0 1220 3848">
     <span class='ocr_line' id='line_1_34' title="bbox 0 0 1220 3848; baseline 0 3"><span class='ocrx_word' id='word_1_243' title='bbox 0 0 1220 3848; x_wconf 95' lang='lat' dir='ltr'><em> </em></span> 
     </span>
    </p>
   </div>
  </div>
 </body>
</html>
