2430 3848
117 200 180 264 118
527 198 717 254 IAMBLICHI

115 360 375 448 φιλοσοφητέον·
404 361 525 446 ἀμοιβὴ
553 362 616 448 γάρ
640 385 690 440 τις
712 360 767 427 καὶ
791 361 1013 440 ἀνταπόδοσις
1035 361 1056 446 ἡ
1082 363 1134 426 δι-

114 458 287 553 καιοσύνη,
310 469 348 534 τὸ
366 469 549 548 πλεονάζον
567 466 622 534 καὶ
642 465 769 546 ἐλλιπὲς
788 468 1059 534 ἀνταποδιδούσα
1083 466 1130 534 δι’

114 574 330 653 ἀντισῶσεως.
628 622 631 626 ι
728 582 733 592 ’

76 690 102 746 κ’
207 683 252 747 Τὸ
281 678 317 747 δὲ
348 681 389 747 ἐν
417 681 494 769 ὁδῷ
523 683 571 766 μη
601 684 706 767 σχίζε
735 682 834 766 δηλοί
859 682 910 746 ὅτι
937 682 974 747 ἓν
1002 679 1064 767 μὲν
1092 686 1131 750 τὸ
1147 703 1189 745 ωε
1207 712 1215 739 :¹

87 787 254 873 τάληθές,
282 783 482 872 πολυσχιδὲς
510 783 547 852 δὲ
575 789 611 853 τὸ
640 789 777 866 ψεῦδος·
811 788 914 872 δῆλον
943 785 981 853 δέ
1008 788 1045 854 ἐκ
1070 801 1134 856 τοῦ

113 897 151 960 τὸ
174 894 236 979 μέν
258 917 290 960 τι
318 894 459 961 ἕκαστον
482 904 633 980 μοναχῶς
656 893 815 978 λέγεσθαι
838 900 929 979 είπερ
955 894 1057 978 ὑγιῶς
1081 895 1133 962 λέ-

113 1024 223 1086 γοιτο,
250 1002 288 1067 τὸ
313 999 353 1066 δέ
372 1024 404 1066 τι
428 999 502 1086 ούχὶ
526 1000 666 1067 ἕκαστον
693 1000 841 1085 ἀπείροις
863 1003 1006 1086 τρόποις.
1053 1002 1133 1080 ὁδὸς

114 1110 156 1193 δη
189 1107 210 1192 η
243 1110 428 1193 φιλοσοφία
462 1108 555 1173 δοκεῖ
585 1103 679 1172 εἶναι.
731 1106 820 1191 λέγει
855 1103 917 1172 οὖν
950 1108 1001 1173 ὅτι
1033 1110 1133 1194 αίρού

115 1217 322 1300 φιλοσοφίαν
346 1214 478 1297 ἐκείνην
500 1211 556 1279 καὶ
574 1214 637 1296 την
656 1211 708 1278 ἐπὶ
727 1216 854 1299 σοφίαν
871 1214 965 1298 ὁδόν,
989 1214 1026 1280 έν
1050 1205 1071 1301 ᾗ
1091 1215 1134 1280 οὐ

74 1346 100 1384 10
115 1324 239 1406 σχίσεις
267 1317 347 1386 οὐδὲ
375 1321 612 1405 ἀντιλεγόμευα
640 1322 864 1422 δογματίσεις,
897 1320 981 1386 ἀλλά
1008 1319 1134 1388 ἑστῶτα

113 1426 168 1492 καὶ
195 1427 236 1491 τά
264 1426 347 1491 αύτά
375 1425 504 1503 ἑαυτοῖς
532 1426 698 1506 ἀποδείξει
728 1427 963 1512 ἐπιστημονικῇ
993 1430 1134 1511 βεβαιω-

113 1531 218 1598 θέντα
242 1534 298 1598 διά
321 1533 529 1619 μαθημάτων
549 1531 605 1599 καὶ
623 1537 779 1620 θεωρίας,
804 1534 824 1598 ὅ·
846 1533 915 1599 έστι
934 1538 1133 1620 Πυθαγορι-

114 1652 179 1718 κῶς
203 1643 391 1726 φιλοσόφει.
434 1641 573 1706 δύναται
597 1638 634 1706 δὲ
657 1643 721 1726 καί,
743 1679 781 1688 -
805 1639 918 1725 ἐπειδὴ
941 1639 962 1724 ἡ
987 1640 1043 1705 διὰ
1065 1652 1136 1706 τῶν
1151 1661 1208 1701 ιω

115 1759 309 1832 σωματικῶν
337 1745 392 1813 καὶ
424 1750 595 1832 αίσδητῶν
627 1755 782 1832 χωροῦσα
815 1749 1013 1833 φιλοσοφία,
1040 1737 1068 1834 ᾖ
1102 1749 1139 1813 οἱ

75 1877 100 1917 15
114 1853 271 1939 νεώτεροι
303 1856 493 1938 κατακόρως
525 1864 670 1938 χρῶνται
701 1850 757 1919 καὶ
784 1854 843 1919 τὸν
875 1855 960 1919 θεὸν
992 1852 1049 1919 καί
1076 1855 1136 1932 τάς

114 1962 291 2044 ποιότητας
318 1957 374 2024 καί
400 1961 462 2043 την
489 1959 601 2044 ψυχὴν
628 1957 683 2024 καὶ
706 1960 765 2036 κάς
793 1958 910 2044 ἀρετάς
939 1957 995 2024 καὶ
1023 1959 1136 2037 ἁπλῶς

114 2067 222 2131 πάντα
254 2066 294 2130 τά
322 2065 359 2131 έν
386 2077 456 2142 τοϊς
484 2060 582 2131 οὖσιν
610 2071 698 2130 αίτια
725 2067 911 2150 κυριώτατα
943 2069 1135 2151 νομίζοντες

116 2182 210 2255 σῶμα
238 2167 338 2255 εἶναι,
372 2171 592 2256 εύολίσθητύς
621 2171 690 2237 έστι
717 2170 772 2237 καὶ
800 2171 1056 2256 εύανάτρεπτος,
1091 2173 1136 2250 ῶς

116 2280 279 2362 δηλοῦσιν
303 2277 341 2342 αί
355 2288 423 2342 τῶν
442 2279 635 2344 δοκούντων
658 2302 690 2345 τι
713 2277 822 2362 λέγειν
842 2275 918 2364 περὶ
937 2278 1040 2362 αὐτῆς
1062 2299 1135 2344 ποι-

75 2412 103 2451 εο
116 2386 292 2450 κιλῶταται
316 2384 546 2470 ἐπιχειρήσεις·
569 2384 590 2469 η
615 2380 651 2450 δδ
670 2385 769 2468 <διά>
790 2395 857 2449 τῶν
877 2383 1061 2468 ἀσωμάτων
1080 2383 1137 2450 καί

117 2503 248 2575 νοητῶν
276 2491 389 2557 ἀύλων
416 2515 451 2557 τε
473 2490 528 2557 καὶ
552 2492 671 2557 ἀιδίων
693 2493 755 2575 την
783 2491 996 2576 προχῶρησιν
1018 2511 1135 2556 ποιου-
1149 2509 1206 2551 εει

117 2598 211 2682 μεύη,
235 2609 302 2663 τῶν
325 2621 360 2663 τε
384 2598 434 2663 ἀεὶ
457 2601 539 2663 κατὰ
561 2600 602 2662 τὰ
626 2598 709 2664 αὐτά
731 2596 786 2663 καί
810 2597 967 2674 ὡσαύτως
990 2596 1137 2682 ἐχόντων

117 2701 172 2768 καὶ
201 2701 361 2768 οὐδέποτε
394 2704 476 2770 ὅσον
509 2698 559 2769 ἐπ’
591 2704 704 2780 αὐτοῖς
736 2706 874 2788 φθοράν
900 2702 921 2787 ἢ
950 2704 1138 2788 μεταβολὴν

118 2809 374 2896 έπιδεχομένων,
393 2810 491 2895 ὁμοία
509 2822 579 2888 τοῖς
597 2808 829 2895 ὑποκειμένοις
847 2810 1053 2886 ἀδιάπτωτύς
1068 2810 1138 2876 ἐστι

76 2916 173 2984 εεκαὶ
201 2918 381 3000 εὐσταθης,
416 2916 549 3004 ἑδραίας
580 2915 635 2982 καὶ
667 2917 824 2994 ἀκλινούς
851 2916 1049 2995 ἀποδείξεως
1080 2917 1139 3000 δη-

119 3027 289 3110 μιουργός,
305 3062 346 3071 -
362 3025 583 3109 συμβουλεύει
605 3026 725 3089 τοίνυν
747 3022 827 3108 ἡμῖν
849 3025 887 3088 τὸ
911 3023 1138 3108 παράγγελμα,

119 3131 254 3197 έπειδάν
278 3136 518 3216 φιλοσοφῶμεν
541 3127 596 3193 καὶ
617 3130 679 3213 τὴν
699 3127 910 3213 δηλουμένην
929 3129 1011 3195 ὁδὸν
1030 3128 1139 3194 ἀνύω-

120 3263 192 3322 μεν,
217 3239 356 3322 φεύγειν
374 3232 436 3320 μὲν
453 3236 516 3319 τὴν
538 3245 606 3300 τῶν
630 3245 825 3320 σωματικῶν
846 3232 901 3301 καὶ
924 3236 1140 3321 πολυσχιδῶν

121 3345 280 3428 ἐπιβολὴν
307 3340 362 3408 καὶ
390 3342 575 3428 ἀποδοχήν,
608 3348 905 3428 προσοικειούσθαι
934 3338 971 3407 δὲ
1000 3349 1041 3427 τῇ
1070 3351 1140 3406 τῶν

178 3573 216 3621 10
236 3573 352 3640 σχίσεις
372 3572 551 3633 Vulcanius:
574 3577 667 3648 σχίσις
679 3575 741 3644 ἀλῶ
762 3568 813 3626 διὰ
831 3566 1000 3624 οδδιδὶλιῖ.
