2430 3848
358 148 632 206 Ροονοεευιουε
651 151 684 220 (0.
700 150 769 220 xx).
1030 151 1073 215 99

54 311 125 379 ἐστὶ
147 319 266 390 ταῦτα,
290 311 328 377 αί
346 315 458 394 νόσοι,
484 312 521 376 τὸ
544 320 662 398 γῆρας,
687 311 725 377 αί
745 310 929 391 ἐξαπιναῐοι
953 315 1072 399 ζημίαι,

54 420 96 486 οὐ
121 420 180 496 τάς
207 417 245 484 ἐκ
271 428 339 483 τῶν
366 421 480 503 νόμον
508 416 594 501 λέγω
623 421 737 502 ζημίας
767 418 903 505 (ταύτας
925 416 986 505 μὲν
1008 421 1073 505 γάρ

53 523 110 591 καλ
133 524 365 609 εὐλαβηθῆναι
388 527 458 590 ἔστι
479 522 536 590 καὶ
557 523 797 611 φυλάξασθαι),
821 525 904 590 ἀλλά
926 528 984 603 τάς
1005 550 1073 593 τοι-

55 631 167 714 αύιας,
184 631 357 714 πυρκαϊάς,
376 631 547 708 θανάτους
564 633 711 715 οἰκετῶν,
730 632 954 718 τετραπόδων,
972 633 1073 709 άλλας

56 732 99 802 αὖ
122 738 309 823 συμφοράς,
332 739 371 802 αδ
389 740 591 824 περίκεινται
613 738 652 803 αί
671 734 734 822 μὲν
755 746 827 814 τοίς
850 738 1011 822 σώμασιν,
1036 740 1074 804 αι’
1085 757 1098 796 ⁵

57 841 93 910 δὲ
116 853 188 920 ταῖς
211 853 347 928 ψυχαῖς,
376 843 414 909 αί
439 840 477 908 δὲ
499 853 570 922 τοῖς
591 846 744 931 χρήμασι.
790 845 920 911 τούτων
943 846 985 930 δη
1010 839 1072 910 οὗν

10 970 45 1011 ιτ,
58 948 155 1016 ἕνεκα
186 950 336 1034 πάντων,
372 951 462 1028 ὅπως
494 950 528 1029 ές
558 960 662 1017 ταῦτα
694 953 794 1035 ἔχωσι
825 959 972 1038 χρῆσθαι
1003 963 1073 1030 τοῖς

55 1059 214 1143 χρήμασι,
241 1065 305 1134 πᾶς
331 1056 417 1142 ἀνὴρ
443 1066 505 1123 τοῦ
532 1058 681 1123 πλούτου
708 1056 868 1144 ὀρέγεται.
913 1056 969 1123 καὶ
996 1054 1069 1124 ἀλλ’

56 1164 136 1228 άττα
169 1161 209 1229 δέ
238 1163 330 1229 ἐστιν
364 1163 446 1249 άπερ
484 1162 545 1247 οὐχ
580 1158 687 1247 ησσον
718 1163 740 1247 ἢ
772 1165 812 1229 τδι
847 1164 1072 1249 προειρημένα

57 1268 178 1356 ἐξορμᾷ
195 1271 274 1348 τοὺς
293 1268 494 1355 ἀνθρώπους
513 1267 567 1336 ἐπὶ
586 1271 646 1336 τὸν
669 1273 909 1358 χρηματισμόν,
933 1271 971 1336 αί
989 1272 1073 1358 πρὸς
1087 1287 1113 1326 10

56 1375 220 1460 ἀλλήλους
247 1380 433 1462 φιλοτιμίαι
459 1375 515 1443 καὶ
543 1378 578 1443 ολ
603 1380 694 1462 ζῆλοι
720 1375 776 1443 καὶ
804 1379 842 1444 αί
867 1380 1071 1462 δυναστεῖαι,

58 1479 100 1548 δι’
128 1481 168 1560 ἃς
189 1484 230 1548 τά
257 1484 406 1569 χρηματα
433 1480 509 1569 περὶ
536 1487 663 1549 πολλοῦ
690 1493 883 1569 ποιοῦνται,
911 1485 963 1551 ὅτι
990 1500 1072 1570 συμ-

57 1588 212 1671 βάλλεται
234 1589 282 1666 είς
303 1590 344 1654 τά
366 1598 511 1655 τοιαῦτα.
552 1590 643 1668 ὅστις
661 1589 701 1656 δέ
722 1589 814 1656 ἐστιν
832 1589 918 1676 ἀνὴρ
937 1592 1073 1676 ἀληθῶς

57 1693 200 1780 ἀγαθός,
228 1690 326 1772 οὗτος
354 1695 416 1761 οὐκ
444 1695 607 1783 ἀλλοτρίῳ
634 1699 747 1784 κόσμῳ
770 1695 987 1785 περικειμένῳ
1009 1699 1072 1781 την

57 1800 159 1880 δόξαν
185 1807 346 1887 θηρᾶται,
379 1802 462 1868 ἀλλά
493 1810 533 1888 τῇ
565 1802 669 1867 αὑτοῦ
699 1801 807 1889 ἀρετῇ.
854 1804 970 1886 διόπερ
1002 1801 1072 1869 ἐπεὶ
1087 1817 1112 1858 15

57 1909 242 1993 φιλοσοφία
273 1910 320 1985 είς
357 1906 476 1975 ἑαυτὸν
509 1908 718 1995 ἀνηρτῆσθαι
752 1918 844 1975 ποιεῖ
874 1917 920 1997 τῷ
953 1909 1072 1999 ἀγαθῷ

57 2015 179 2098 πάντα,
206 2021 328 2080 παθῶν
351 2012 388 2081 δὲ
411 2012 467 2080 καὶ
489 2024 547 2100 τῆς
569 2014 630 2095 ἔξω
658 2017 770 2101 χρείας
797 2015 992 2101 ἀφίστησιν,
1021 2021 1072 2100 είη

57 2119 98 2186 άν
117 2121 348 2207 χρησιμωτάτη
371 2132 488 2188 πασῶν
505 2124 589 2209 πρὸς
611 2124 671 2188 τὸν
690 2122 874 2209 εὐδαίμονα
892 2124 978 2206 βίον.
1016 2121 1072 2190 καὶ

56 2225 131 2312 περὶ
154 2229 357 2312 φιλοψυχίας
380 2225 417 2294 δὲ
441 2224 506 2294 ὧδε
529 2229 572 2294 άν
594 2252 645 2306 τις
666 2232 836 2312 πεισθείη,
865 2228 930 2313 ὅτι,
958 2231 990 2295 εί
1010 2227 1072 2315 μὲν

10 2349 40 2393 ῑΔ.
56 2333 182 2420 ὑπῆρχε
200 2342 246 2422 τῷ
265 2333 436 2422 ἀνθρώπῳ
455 2336 486 2399 εί
507 2336 552 2418 μη
570 2330 626 2399 ὑπ’
650 2335 753 2400 ἀλλον
771 2333 940 2400 ἀποθάνοι
958 2335 1072 2423 ἀγήρῳ
1086 2349 1113 2389 2⁰

55 2464 90 2507 τε
119 2437 283 2507 εἶναικαὶ
311 2441 469 2528 ἀθανάτῳ
492 2443 552 2506 τὸν
579 2442 697 2506 λοιπὸν
723 2442 864 2526 χρόνον,
892 2442 1072 2527 συγγνώμη

57 2547 99 2614 ἀν
121 2548 227 2632 πολλη
250 2554 296 2635 τῷ
320 2547 509 2636 φειδομένῳ
537 2556 594 2631 τῆς
619 2555 740 2632 ψυχῆς·
769 2545 839 2613 ἐπεὶ
866 2544 904 2613 δὲ
933 2547 1074 2635 ὑπάρχει

56 2662 102 2742 τῳ
125 2656 189 2741 βίῳ
213 2653 432 2742 μηκυνομένῳ
450 2657 488 2719 τό
511 2677 546 2719 τε
563 2663 669 2740 γῆρας
685 2653 802 2720 κάκιον
822 2654 862 2721 δν
879 2654 1074 2741 ἀνθρώποις

57 2758 113 2826 καὶ
135 2761 180 2844 μὴ
205 2760 377 2826 ἀθάνατον
395 2755 491 2842 είναι,
514 2758 570 2826 καὶ
587 2760 608 2844 ἡ
628 2759 757 2844 ἀμαθία
775 2762 840 2844 ἤδη
861 2759 929 2826 ἐστὶ
947 2763 1072 2846 μεγάλη

56 2864 113 2931 καλ
140 2868 305 2950 συνήθεια
331 2877 489 2949 πονηρῶν
516 2869 627 2950 λόγον
654 2889 689 2931 τε
716 2863 772 2931 καὶ
800 2865 1072 2951 ἐπνθυμημάταν,
1087 2877 1113 2918 2⁵

56 2973 183 3056 ταύτην
209 2983 395 3060 περιποιεῖν
426 2970 480 3038 ἐπὶ
512 2973 686 3060 δυσκλείᾳ,
718 2970 802 3037 ἀλλά
829 2973 872 3057 μη
901 2972 1074 3039 ἀθάνατον

15 3097 43 3138 Κ.
58 3077 130 3145 ἀντ’
159 3079 260 3164 αὐτῆς
282 3084 304 3161 †
326 3081 514 3163 λείπεσθαι,
544 3076 619 3144 ἀντὶ
642 3085 769 3163 θνητῆς
793 3079 896 3164 οὔσης
918 3079 1074 3164 εὐλογίαν

56 3185 183 3253 άέναον
213 3184 269 3251 καὶ
300 3183 351 3251 ἀεὶ
390 3189 504 3264 ζῶσαν.
537 3186 583 3270 εί
611 3188 730 3251 τοίνυν
765 3188 851 3270 μόνη
889 3189 1075 3270 φιλοσοφία

149 3333 184 3381 16
203 3326 238 3380 ef.
252 3324 448 3381 PlatsMenex.
462 3344 489 3396 p.
504 3324 587 3380 247ss
606 3326 702 3394 (supra
715 3342 742 3394 p.
759 3330 829 3393 ‘124
843 3326 872 3378 et
886 3330 929 3393 91,
944 3326 997 3394 26).

149 3455 165 3503 ὕ
184 3449 248 3506 fort.
268 3444 426 3505 ἐπίκεινται
439 3451 449 3520 ΙΙ
462 3455 528 3517 Bsq.
548 3443 670 3503 ἀλλάττει
683 3450 743 3518 (124
757 3444 777 3518 ἡ
791 3447 947 3504 delevet'm
955 3450 1016 3516 W
1036 3443 1103 3543 ⁸26·—¹
1192 3511 1195 3519 ,

56 3523 175 3590 ρεῖιθοι
194 3520 264 3575 coni,
282 3521 311 3576 K
320 3521 334 3590 λ
346 3526 380 3576 28
399 3517 527 3579 άένναον
541 3522 554 3594 ss
567 3521 661 3594 ζῶσαν
683 3525 723 3581 Ax
741 3521 832 3590 ζώσει.

1065 3562 1085 3598 «Ι
1102 3556 1112 3568 ν
1131 3554 1146 3587 ’.Ι
1163 3549 1192 3603 2⁴²

910 3603 955 3658 *ηᾎ
1092 3616 1134 3656 ’.ζ
1156 3594 1195 3703 ..1
