2430 3848
373 186 648 244 PROTREPTICUS
667 191 702 259 (ο.
719 189 803 258 xx1).
1034 191 1098 256 123

78 354 203 438 σοφίας
225 349 430 437 ἡμεροειδές,
454 350 537 416 ἀλλά
560 352 667 416 πάντα
689 353 730 416 τά
752 361 813 418 τοῦ
836 353 945 419 ὕπνου
969 354 1098 420 ἐκείνου

55 465 157 561 ῖχννγ
181 464 239 541 τῆς
257 458 387 541 μνήμης
406 465 463 541 τῆς
481 465 625 522 σεαυτοῦ
644 456 822 542 ἐκκάθαιρε
843 457 898 524 καὶ
918 458 1099 546 ἐξαφάνιζε.

174 565 219 629 ffb
243 559 280 628 δὲ
303 564 473 647 καρδίαν
502 564 550 648 μὴ
574 573 697 647 τρῶγε
721 566 874 649 σημαίνει
896 566 934 630 τὸ
958 567 1001 649 μὴ
1027 567 1099 632 δεῖν

74 672 140 755 τὴν
167 669 289 735 ἕνωσιν
315 678 377 734 τοῦ
405 670 528 746 παντὸς
555 666 609 734 καὶ
640 671 701 753 τὴν
725 669 914 755 σύμπνοιαν
942 672 1098 755 διασπᾶν,

10 795 61 836 σι
76 774 134 842 καὶ
148 778 196 841 έτι
210 779 337 860 μᾶλλον
352 776 390 841 τὸ
405 776 450 859 μὴ
465 780 539 840 ίσθι
557 776 734 859 βάσκανος,
754 776 838 842 ἀλλὰ
857 777 1099 863 φιλάνθρωπος
1112 797 1125 836 ⁵

43 913 47 917 ’
75 880 134 948 καὶ
160 884 364 959 κοινωνικός.
412 881 447 947 ἐκ
480 877 517 946 δὲ
544 881 668 946 τούτου
701 887 902 969 φιλοσοφεῖν
929 894 1097 969 παραινεῖ·

75 991 164 1073 μόνη
183 989 247 1073 γὰρ
267 989 349 1072 αὕτη
369 987 558 1072 ἐπιστημῶν
576 987 632 1052 καὶ
651 999 777 1073 τεχνῶν
799 991 875 1056 οὔτε
894 991 1099 1057 ἐπιλυπεῖται

75 1093 221 1177 ἀγαθοῖς
248 1093 436 1178 ἀλλοτρίοις
464 1093 540 1158 οὔτε
568 1093 729 1179 έπιχαίρει
757 1106 871 1172 κακοῖς
896 1107 965 1175 τοῖς
986 1097 1098 1181 πέλας,

76 1199 134 1263 ἀτε
163 1200 263 1285 φύσει
292 1210 465 1284 συγγενεῖς
491 1197 547 1264 καὶ
571 1202 714 1278 οἰκείους
742 1201 961 1286 ὁμοιοπαθεῖς
985 1201 1098 1268 τεκαὶ

75 1310 174 1389 κοινῇ
206 1304 446 1390 ὑποκειμένους
481 1306 564 1392 τύχῃ
597 1306 808 1392 ἀπροόρατον
841 1330 876 1373 τε
908 1311 944 1373 τὸ
977 1307 1099 1395 μέλλον
1115 1329 1139 1368 10

75 1413 213 1495 ἔχοντας
230 1415 310 1490 τοὺς
329 1411 533 1496 ἀνθρώπους
550 1413 677 1490 πάντας
697 1414 829 1498 ὁμαλῶς
847 1415 1097 1501 ἀποφαίνουσα·

76 1517 195 1602 διόπερ
219 1525 407 1604 συμπαθεῖς
429 1541 464 1584 τε
486 1516 542 1583 καὶ
565 1523 792 1604 φιλαλλήλους
810 1521 1030 1607 παραγγέλλει
1054 1517 1099 1589 εί-

10 619 63 660 {RK

75 1647 145 1706 ναι,
168 1627 369 1690 κοινωνικόν
392 1648 428 1689 τε
452 1625 497 1702 ὡς
520 1623 656 1708 ἀληθῶς
678 1623 734 1690 καὶ
757 1623 894 1708 λογικὸν
918 1631 1012 1713 ζῷον.

15 1735 64 1794 λα’
171 1731 285 1818 Τούτῳ
314 1727 467 1796 δὲέοικε
493 1728 550 1795 καὶ
577 1733 614 1796 τὸ
647 1729 868 1815 ἐγκέφαλον
896 1733 944 1817 μὴ
974 1734 1098 1798 ἔσθιε·

75 1832 132 1899 καὶ
165 1836 229 1920 γάρ
262 1837 361 1913 αὐτὸς
399 1831 497 1914 οὗτος
528 1836 728 1921 ἡγεμονικόν
759 1837 830 1903 ἐστι
864 1847 925 1903 τοῦ
958 1849 1100 1924 φρονεῖν
1114 1859 1139 1899 15

76 1942 235 2025 ὄργανον.
281 1945 460 2008 αἰνίττεται
489 1937 553 2008 οὖν
576 1944 620 2020 ὡς
649 1944 690 2009 οὐ
715 1945 769 2009 δεῖ
788 1948 897 2021 καλῶς
921 1946 1099 2028 βεβουλευ-

75 2045 163 2132 μένα
190 2049 365 2133 πράγματα
393 2046 448 2114 καὶ
477 2050 626 2133 δόγματα
655 2051 896 2116 διασιλλαίνειν
920 2048 1005 2135 μηδὲ
1028 2052 1096 2117 δια-

77 2154 226 2238 δάκνειν,
249 2160 357 2232 καλῶς
376 2153 409 2220 δ’
433 2153 475 2220 ἀν
495 2161 545 2239 είη
565 2156 812 2241 βεβουλευμένα
829 2158 870 2222 τὰ
890 2158 945 2222 διὰ
964 2169 1099 2244 φρενῶν

10 2281 62 2322 ox.
76 2258 133 2325 καὶ
156 2269 217 2325 τοῦ
239 2257 311 2325 κατ’
339 2261 420 2326 αὐτὸ
444 2261 481 2326 τὸ
504 2270 598 2326 νοεῖν
619 2260 820 2346 ἡγεμονικοῦ
839 2264 1098 2349 συνεσκεμμένα,

77 2372 154 2431 ἴσον
182 2374 228 2454 τῷ
257 2365 504 2451 έπιστημονικά.
552 2367 592 2431 οὐ
620 2369 684 2452 γὰρ
714 2368 770 2432 διὰ
796 2379 865 2433 τῶν
887 2377 948 2433 τοῦ
973 2369 1098 2454 ἀλόγου
1113 2391 1139 2430 εο

75 2482 135 2556 τῆς
158 2481 266 2558 ψυχῆς
289 2474 402 2551 είδους
425 2472 590 2557 ὀργάνων,
617 2464 757 2557 καρδίας
778 2471 834 2538 καὶ
857 2474 991 2556 ἥπατος,
1016 2475 1100 2540 ἀλλά

78 2580 135 2643 διά
148 2589 209 2644 τοῦ
228 2585 383 2665 καθαροῦ
402 2588 462 2644 τοῦ
481 2584 673 2663 λογιστικοῦ
691 2581 732 2645 τδι
750 2589 887 2646 τοιαῦτα
906 2581 1098 2667 έθεωρήθη·

10 2704 63 2748 σε.
79 2687 196 2772 διόπερ
224 2685 366 2769 ἀβουλία
394 2686 431 2751 τὸ
460 2684 669 2751 ἀντικόπτειν
702 2688 823 2765 αὐτοῖς.
874 2686 1033 2771 σέβεσθαι
1062 2685 1099 2754 δὲ

78 2798 206 2878 μᾶλλον
234 2790 362 2858 κελεύει
376 2794 425 2858 τὸ
455 2794 626 2877 σύμβολον
653 2793 715 2876 τὴν
739 2805 807 2858 τῶν
831 2805 966 2878 φρενοῦν
988 2796 1100 2877 πηγὴν

77 2898 134 2964 καὶ
157 2901 195 2965 τὸ
218 2908 264 2988 τῷ
288 2910 382 2965 νοεῖν
404 2897 668 2984 προσεχέστατον
692 2901 854 2983 ὄργανον,
879 2893 923 2964 δι’
950 2895 991 2964 οὗ
1014 2905 1100 2966 θεω-
1114 2920 1140 2960 ει

79 3011 157 3090 ρίαν
186 3030 221 3071 τε
249 3003 305 3071 καὶ
333 3006 515 3089 ἐπιστήμην
542 3004 597 3071 καὶ
624 3006 661 3070 τὸ
693 3005 839 3070 σύνολον
866 3007 992 3090 σοφίαν
1018 3008 1100 3071 κτώ-

79 3121 168 3198 μεθα
196 3109 252 3178 καὶ
280 3112 325 3189 ὡς
353 3111 488 3196 ἀληθῶς
510 3116 781 3197 φιλοσοφοῦμεν,
808 3110 863 3176 καὶ
891 3113 935 3197 μὴ
964 3124 1100 3197 συγχεῖν

78 3216 164 3304 μηδὲ
188 3219 364 3304 ἀφανίζειν
386 3220 428 3283 τδι
451 3215 495 3282 δι’
524 3219 628 3283 αὐτοῦ
652 3223 735 3302 ῖχνη.

170 3375 276 3447 swas]
295 3376 350 3429 τῶν
370 3375 441 3430 coni
462 3373 601 3445 ayraldus
619 3373 702 3446 (Opp
722 3373 828 3444 11481)
848 3379 877 3430 et
896 3373 1100 3432 Βὶτῖεεελιοείαε

77 3488 152 3552 p62
163 3480 242 3536 Κατ
223 3481 453 3553 ῖ(227ΚίεεεῙ.)·
447 3482 526 3540 for
514 3485 662 3548 σεεοτοις
672 3503 728 3539 ταν
740 3450 963 3554 &mv-{mmm
976 3483 1046 3545 W
1062 3494 1130 3536 σενι

68 3559 135 3620 γειν
157 3550 320 3609 Vulcanius
340 3552 484 3627 συνέχειν.
