2430 3848
73 145 102 198 s
115 208 134 269 ς
526 201 716 257 IAMssfflcffl

116 372 366 451 Πυθαγορικῶν
390 365 526 452 ἀνδρῶν
548 365 631 430 κατοί
653 389 691 447 γε
711 373 809 430 τοῦτο
833 365 892 430 τὸν
915 367 1041 451 τρόπον
1064 376 1132 431 τῶν

113 475 237 556 λόγων·
266 467 323 557 ἀφ’
350 467 392 537 οὗ
420 461 470 555 όῆΔ
490 475 690 555 λεληθότως,
718 471 763 549 ὡς
784 473 822 536 τὸ
849 473 950 554 εἰκός,
979 471 1042 536 ἀπὸ
1071 469 1131 556 μὲν

113 589 180 643 τῶν
202 577 404 664 ἐξωτερικῶν
424 579 565 644 ἐννοιῶν
584 579 851 662 ἀποστησάμεθα,
875 581 1130 664 μεταβησόμεθα
1146 599 1173 636 14

114 681 151 751 δὲ
165 683 221 750 καὶ
240 688 481 770 οίκειωσόμεθα
499 696 571 762 ταίς
589 687 671 750 κατὰ
688 687 750 769 τῆν
770 687 899 771 αἳρεσιν
914 690 1131 769 τεχνολογου-

86 791 228 877 τμίναις
246 791 466 872 ἀποδείξεσιν,
491 785 564 857 οἷον
584 794 640 857 διά
658 815 750 870 τινος
767 794 917 880 γεφύρας
935 792 955 876 ῆ
974 794 1132 876 κλίμακος

113 899 266 963 κάτωθεν
290 900 336 975 είς
359 899 445 978 ὕψος
467 898 625 976 ἀνιόντες.
672 896 724 963 ἐπὶ
754 896 791 962 δὲ
818 906 864 986 τῷ
887 896 974 963 τέλει
998 901 1038 964 τὰ
1062 901 1132 964 ίόια

81 1062 86 1071 ,
112 1006 334 1089 προτρεπτικὰ
364 1013 422 1089 τῆς
452 1011 694 1090 Πυθαγορικῆς
726 1003 883 1090 αίρέσεως
915 1005 1132 1091 συντύξομεν,

113 1109 270 1196 ἀλλότρια
297 1111 351 1177 καὶ
380 1112 549 1198 ἀπόρρητα
576 1115 702 1198 τρόπον
732 1113 808 1176 τινὰ
836 1113 918 1196 πρὸς
947 1114 1004 1188 τὰς
1031 1113 1134 1189 ἄλλας

113 1216 244 1302 ἀγωγὰς
268 1218 469 1305 ὑπάρχοντα.

73 1343 99 1383 ιο
202 1325 244 1390 11.
265 1324 454 1410 Ἀρξώμεθα
473 1321 510 1390 δὲ
528 1326 565 1389 τὸ
585 1326 702 1390 λοιπὸν
717 1324 780 1390 ἀπὸ
799 1335 866 1390 τῶν
885 1326 930 1403 ὡς
948 1327 1030 1411 πρὸς
1047 1325 1133 1408 ῆμᾶς

111 1431 263 1516 πρώτων.
320 1434 390 1497 ἔστι
422 1433 463 1516 δὴ
496 1433 536 1496 τὰ
568 1431 690 1518 ἐναργῆ
723 1441 824 1497 ταῦτα
857 1431 912 1498 καὶ
944 1435 1132 1518 φαινόμενα

112 1545 192 1601 πᾶσι
216 1535 272 1602 καὶ
295 1537 430 1621 μηδέπω
453 1542 679 1624 προειληφότα
702 1540 763 1622 τῆν
782 1540 902 1605 οὐσίαν
923 1550 980 1624 τῆς
1003 1539 1131 1626 ἀρετῆς,

111 1644 193 1709 κατὰ
222 1639 259 1708 δὲ
285 1645 344 1721 τὰς
371 1647 485 1723 κοινὰς
513 1645 645 1723 ἐννοίας
675 1644 752 1731 περὶ
784 1645 885 1730 αὐτῆς
916 1645 1132 1733 ἀνεγείροντα

111 1749 205 1833 ἡμῶν
228 1751 289 1834 τῆν
313 1755 508 1838 προθυμίαν
530 1754 613 1818 κακοί
635 1775 729 1830 τινας
751 1756 942 1837 γνωρίμους
959 1765 1029 1830 τοῖς
1051 1757 1132 1819 πολ-

74 1876 98 1915 15
113 1861 184 1933 λοίς
207 1859 351 1941 γνώμας,
379 1857 634 1942 ἀπεικαζομένας
656 1861 740 1945 πρὸς
763 1861 803 1924 τὰ
827 1858 948 1944 ἐναργῆ
972 1862 1131 1943 δείγματα

110 1974 178 2028 τῶν
202 1965 318 2029 όντων.
365 1966 478 2048 ἔχουσι
502 1962 539 2031 δὲ
563 1961 660 2030 αὗται
684 1961 752 2032 ὧδέ
772 1985 854 2043 πως·

204 2074 301 2154 Ψυχῆ
338 2073 459 2149 ζῶντας
489 2071 574 2155 ἡμᾶς
602 2081 641 2158 τῆ
669 2075 791 2155 ταύτης
818 2071 916 2158 ιἰρετῆ
946 2071 1065 2158 ῥητέον
1093 2068 1132 2137 εὖ

111 2178 183 2258 ζῆν,
213 2175 257 2252 ὡς
284 2175 474 2260 ὀφθαλμοῖς
502 2178 650 2262 ὁρῶντας
677 2187 716 2263 τῆ
744 2179 873 2244 τούτων
901 2180 999 2264 ἄρετῆ
1022 2185 1131 2255 καλῶς
1144 2193 1177 2234 41

111 2280 202 2367 ὁρᾶν.
245 2281 322 2346 ούτε
341 2291 468 2368 χρυσοῦ
491 2283 669 2368 νομιστέον
691 2287 755 2367 ίόν,
779 2279 849 2349 οὔτ’
877 2285 993 2369 ἀρετῆς
1017 2279 1131 2369 αἶσχος
1145 2303 1170 2341 16

71 2408 97 2447 νο
111 2387 283 2454 ἅπτεσθαι.
332 2391 485 2474 καθάπερ
514 2393 561 2467 είς
593 2392 720 2457 ἄσυλον
752 2389 887 2474 τέμενος
917 2391 980 2473 τῆν
1010 2390 1132 2476 ἀρετὴν

295 2551 326 2558 -...

201 2639 217 2687 5
237 2630 285 2687 eui
308 2652 384 2695 τινος
407 2631 535 2702 γεφύρας
559 2636 628 2706 κτλ]
657 2637 690 2690 cf.
714 2635 878 2690 Nieomaeh.
902 2636 1021 2693 Arithm.
1042 2636 1054 2688 Ι
1073 2643 1131 2704 8,6

110 2709 148 2774 (p.
166 2710 190 2772 7,
205 2709 238 2758 21
251 2721 310 2773 sqq.
326 2704 442 2773 Hoehe).
481 2704 579 2760 Iambl.
599 2706 628 2760 in
642 2706 780 2761 Villoison
795 2708 898 2761 Aneed.
913 2707 939 2759 II
957 2726 985 2777 p.
1003 2712 1063 2775 189,
1079 2713 1112 2762 13
1122 2707 1132 2779 ΙΙ

112 2782 144 2830 17
161 2793 218 2844 sqq.
244 2777 279 2830 cf.
299 2775 423 2829 Mullach
442 2776 553 2846 Fragm.
572 2775 675 2831 Philon.
697 2778 793 2833 Graec.
814 2780 826 2831 I
845 2783 896 2832 492
909 2796 968 2847 sqq.
991 2780 1001 2848 ΙΙ
1025 2783 1065 2834 17.
1088 2784 1130 2833 19.

109 2848 187 2916 ψυχῇ
200 2842 316 2914 -ὁρᾶν
336 2847 413 2901 stob.
432 2845 505 2902 Flor.
520 2846 581 2902 188
597 2847 641 2903 Br.
651 2847 696 2903 Tr.
716 2850 829 2918 (lemma
849 2843 882 2903 ἐκ
900 2849 956 2902 τῶν
972 2845 1130 2918 Ἰαμβλίχου

110 2917 170 2971 Tm
189 2918 240 2971 τού
260 2913 350 2972 αὐτοῦ
369 2917 427 2984 Br.,
447 2918 496 2972 ubi
514 2919 659 2985 praecedit
676 2919 824 2974 Iamblichi
842 2922 1001 2988 excerptum
1022 2920 1130 2974 editum

111 2989 147 3041 ab
167 2986 198 3046 Ο,
218 2987 323 3052 Hense,
345 2987 386 3042 De
406 2989 483 3043 stob.
502 2988 576 3044 Flor.
595 2989 723 3060 Excerpt.
742 2990 864 3045 Bruxell.
884 2990 1026 3060 [Friburgi
1044 2989 1063 3043 i.
1082 2991 1129 3046 Br.

113 3064 181 3114 1882
212 3078 240 3128 p.
261 3061 305 3128 33)
319 3060 329 3128 ΙΙ
343 3065 385 3114 20.
404 3079 432 3129 p.
452 3066 477 3129 9,
497 3065 512 3113 2
532 3060 667 3129 καθάπερ
688 3093 720 3102 -
741 3059 853 3116 ἔκδοτοι
873 3062 949 3116 stob.
969 3061 1043 3116 Flet.
1063 3061 1075 3113 I
1095 3067 1130 3116 59

112 3129 166 3183 MA
192 3149 213 3183 r.
231 3130 346 3196 (lemma
357 3126 513 3203 Ἰαμβίίχου
530 3127 562 3185 ἐκ
576 3133 632 3186 τῶν
646 3134 857 3202 προτρεπτικῶν
871 3129 962 3201 λόγων
978 3130 1074 3203 [λόγον
1087 3133 1129 3204 Μ]

111 3201 179 3256 MA:
201 3203 231 3255 in
250 3200 295 3255 Tr.
315 3202 448 3256 cohaeret
467 3219 530 3257 eum
548 3204 629 3273 158).

203 3439 216 3486 1
236 3433 319 3487 τοῦτο
338 3432 449 3502 scripsi:
468 3434 591 3502 τοῦτονῆ
608 3438 638 3486 11
659 3430 694 3501 δή
714 3452 757 3486 τοι
777 3427 881 3501 ἐναργῆ
900 3438 975 3488 et12
990 3436 1132 3501 περιειλη·

112 3499 187 3571 φότα
206 3503 435 3558 Hemeterhusius
457 3503 600 3571 (Zeitsehr.
620 3504 665 3558 fiir
683 3503 728 3559 die
748 3504 957 3560 Alterthumsw.
975 3511 1057 3573 1840,
1077 3509 1104 3574 1)
1123 3504 1133 3575 Η

114 3579 148 3626 14
166 3573 257 3644 (καί)
276 3571 367 3629 nutui?
386 3574 487 3631 Vitelli
