2430 3848
161 157 223 221 128
588 156 743 213 ευΗοιιι
853 115 856 120 ’

247 346 275 400 p.
291 327 342 400 28,
358 328 398 384 19
420 319 472 383 Ἐκ
494 333 547 385 τοῦ
567 320 753 403 Ἀλκιβιάδου
777 332 830 384 τοῦ
853 325 1023 398 Πλάτωνος.

246 434 274 488 p.
292 416 342 490 29,
360 416 398 473 15
421 408 473 472 Ἐκ
496 422 548 474 τοῦ
573 410 594 472 ε’
617 422 676 473 τῶν
699 412 801 491 νόμων
823 420 876 474 τοῦ
899 414 1070 488 Πλάτωνος.

188 577 190 582 Ι
246 522 275 576 p.
291 505 342 579 30,
358 505 375 561 2
389 521 452 579 sqq.
475 498 588 582 γένοιτό
606 524 676 563 ποτε
699 500 749 561 καί
770 496 858 577 ἡμᾶς,
882 502 1058 579 φιλοσόφων
1077 501 1176 582 δίριστε

154 584 312 668 Ἰολμβλιχε,
334 589 412 650 οὕτω
436 585 555 668 τιμῆσαι
576 588 631 666 τὴν
653 588 756 668 ψυχὴν
779 586 880 668 ἡμῶν,
907 589 957 651 καί
980 591 1030 653 διὰ
1053 592 1176 653 πάντων

130 686 215 737 ὁτῶν
239 676 416 739 ἐκτεθέντων
434 679 515 756 παρὰ
534 687 588 740 σοῦ
607 675 627 757 ἢ
645 688 704 738 τῶν
722 678 863 739 πλείστων
881 677 917 739 τδι
934 678 1009 758 πρὸς
1027 682 1176 742 τελείωσιν

157 765 248 845 αὐτῆς
271 765 529 844 ἕπιτηδειίσασθαι.

244 877 272 932 p.
289 859 373 933 33,3
399 849 463 916 οἷον
487 856 519 916 οῖ
538 856 730 935 παιδαγωγοί.

244 965 271 1019 p.
288 946 373 1020 33,5
398 943 430 1002 τὸ
453 941 614 1022 βέλτιστον]
638 941 669 1003 τὸ
693 943 858 1023 λογιστικὸν
880 940 973 1022 ἡμῶν.

228 1053 271 1113 ¹p.
288 1035 372 1110 33,9
397 1031 550 1110 τοιαύτην]
575 1031 640 1093 ἀντὶ
662 1041 714 1093 τοῦ
738 1033 896 1111 βελτίστην.

115 1136 140 1174 10
243 1142 271 1197 p.
288 1125 338 1198 34,
354 1125 427 1199 bsq.
452 1120 494 1182 ὅτι
518 1118 644 1199 καλιὴν
667 1120 759 1197 φύσιν
783 1119 823 1192 ὡς
845 1119 934 1200 λόχον
957 1121 1022 1182 τινὰ
1045 1120 1174 1200 ἔχουσαν

154 1209 297 1287 λαμβάνει
316 1208 366 1269 διὰ
384 1209 415 1270 τὸ
434 1211 530 1270 πάντα
549 1208 623 1287 πρός
641 1232 668 1269 τι
685 1215 782 1270 ποιεῖν
800 1209 850 1270 καί
868 1207 955 1271 ἕνεκά
972 1226 1064 1283 τινος·
1085 1220 1172 1273 τοῦτο

155 1293 186 1355 δὲ
210 1296 259 1358 καλ
281 1301 407 1382 Γαληνῷ
432 1299 520 1358 δοκεῖ.
1048 1311 1049 1314 ’

242 1407 269 1461 p.
286 1389 337 1464 34,
353 1389 393 1446 22
406 1407 467 1463 sqq.
492 1385 534 1446 ίίτι
558 1382 652 1465 ἕτερός
671 1384 748 1446 ἐστιν
767 1383 782 1447 ὁ
801 1391 926 1466 θεωρῶν
944 1383 999 1464 την
1018 1387 1171 1448 δικαιοσύ-

153 1495 210 1550 νην
234 1472 284 1533 ίνα
308 1473 415 1551 μαθὼν
439 1471 561 1555 δίρξηται
580 1475 800 1556 δικαιοπραγεῖν
818 1473 868 1535 καῖ
887 1473 926 1553 μη
946 1473 1065 1557 γένηται
1087 1497 1170 1555 περι-

113 1577 138 1615 ιε
152 1559 241 1638 πετης
264 1561 314 1622 καί
336 1562 511 1635 ὑπεύθυνος
536 1570 568 1646 τῇ
593 1561 651 1623 ἀπὸ
670 1573 722 1641 τῆς
745 1561 863 1637 ἀδικίας
887 1565 985 1647 ζημία,
1007 1561 1058 1624 καί
1080 1564 1171 1625 πάλιν

153 1647 247 1728 ἕτερός
265 1650 343 1713 ἐστιν
362 1649 517 1732 δθεωρῶν
532 1651 586 1728 τὴν
602 1651 796 1731 δικαιοσύνην
816 1647 856 1712 δι’
872 1650 992 1731 ἑαυτήν,
1011 1651 1065 1732 οὐχ
1083 1649 1172 1714 δνεκολ

151 1762 230 1812 τινος
253 1738 345 1801 ίίλλου
372 1737 435 1818 (καί
457 1740 512 1821 γὰρ
536 1740 585 1801 καλ
607 1749 692 1801 τοῦτο
716 1739 797 1813 τέλος
819 1739 896 1802 ἐστίν
919 1738 939 1818 ἡ
962 1749 1071 1822 γνῶσις
1094 1739 1170 1818 αιίτη

151 1825 191 1899 ὡς
218 1828 390 1906 τιμιώτατον
417 1828 467 1890 καὶ
495 1822 749 1912 ὠφελιμώτατον)·
780 1827 828 1889 καῖ
857 1828 900 1889 ὅτι
928 1826 944 1889 5
972 1825 1027 1906 μὲν
1053 1839 1171 1909 πρῶτος

151 1914 292 1994 ἑπόμενος
315 1922 355 2001 τῷ
378 1922 527 2002 πρακτικῷ
551 1915 600 1977 καί
618 1915 976 1996 ἀναπιμπλάμενος·[καλ]
996 1926 1049 1997 τῆς
1070 1920 1170 1998 τύχης,

111 2017 137 2058 2⁰
150 2003 201 2065 καὶ
222 2010 351 2066 καλεῖται
374 2005 534 2082 πολιτικός,
558 2002 573 2064 δ
598 2002 630 2065 δὲ
653 2007 788 2085 δεύτερος
807 2004 953 2079 ἀπίλυτος
975 2005 1026 2066 καὶ
1047 2005 1169 2068 ἐλεύθε-

150 2113 211 2174 ρος,
235 2093 285 2152 καί
307 2098 436 2154 καλεῖται
459 2093 648 2172 θεωρητικός,

238 2203 267 2257 p.
285 2187 335 2259 34,
352 2187 392 2242 27
417 2181 518 2259 αὐτὸς]
544 2181 631 2255 αὐτὸς
655 2181 670 2243 ὁ
694 2192 773 2254 νοῦς.

238 2293 265 2347 p.
282 2274 333 2350 35,
351 2276 367 2331 7
392 2271 430 2332 αἱ
445 2272 568 2347 τίμιοι·
587 2270 637 2331 καί
654 2273 842 2351 Θονκυδίδης
856 2266 887 2354 (I
902 2277 953 2351 32,
966 2267 1014 2356 1)·
1035 2269 1101 2351 ’τὴν
1116 2275 1169 2352 χοί-

41 2371 50 2379 ’
149 2382 196 2436 ριν
219 2354 363 2439 βίβαιον’.

110 2462 135 2501 25
237 2471 266 2525 p.
282 2453 333 2527 36,
351 2452 389 2509 15
402 2469 463 2526 sqq.
484 2448 527 2508 ὅτι
546 2447 561 2508 δ
582 2449 744 2520 σπουδαῖος
762 2457 796 2532 τη
811 2449 882 2532 τύχη
898 2449 954 2510 οὐκ
967 2448 1081 2511 ὑπείκει
1096 2448 1168 2512 οὐδὲ

148 2542 208 2608 τοῖς
230 2542 379 2617 τυχηροῖς·
404 2539 494 2614 δηλοῖ
512 2535 543 2596 δὲ
567 2536 685 2615 Κροίτης
707 2535 758 2597 καί
781 2536 933 2618 Διογένης.

237 2647 265 2700 p.
281 2629 333 2702 38,
350 2629 390 2684 14
415 2627 463 2684 δεῖ
482 2625 558 2685 οὕτω
579 2626 732 2697 συντάξαι·
757 2629 941 2705 στοιχείων
965 2624 1001 2688 δὲ
1024 2627 1063 2688 αῖ
1083 2624 1180 2689 ὀνο-·

148 2796 324 2880 πολεμίχθη’
349 2797 449 2883 (Hom.
465 2807 492 2862 Δ
508 2807 580 2881 535,
601 2797 663 2885 ολ).

108 2906 134 2944 30
236 2889 598 2970 ρ.39,15μόνον]ἰσιέον
613 2891 656 2952 ὅτι
669 2888 689 2969 ἡ
704 2900 757 2952 τοῦ
772 2893 884 2970 μόνον
899 2892 1059 2972 προσθήκη
1071 2892 1167 2966 ἐξισοῖ-

149 2983 206 3051 ζειν
226 2979 301 3059 λέγει
319 2979 369 3040 τὸν
394 2980 488 3059 νόμον
508 2985 547 3063 τῷ
567 2977 696 3059 ίίρχοντι·
721 2979 793 3042 ὥστε
816 2980 866 3042 καί
889 2978 1167 3062 ἀντικατηγορεῖται.

236 3091 264 3145 p.
280 3072 331 3147 48,
347 3073 390 3131 20
400 3089 443 3146 sq.
462 3067 708 3147 αἰσχυνέσθωσαυ
727 3069 759 3130 οί
774 3065 836 3130 κατ’
859 3068 908 3147 ἐμὲ
922 3069 1097 3148 Χριστιανοὶ
1116 3069 1166 3131 τὸν

148 3156 316 3235 φιλόσοφον
335 3154 467 3235 Ἕλληνα
490 3159 639 3239 φλυαρίαν
667 3156 716 3218 καί
743 3162 835 3237 λῆρον
863 3159 898 3219 τὰ
921 3156 1002 3238 παρὰ
1025 3157 1057 3220 τὸ
1081 3163 1167 3235 φιλο-

149 3251 254 3323 σοφεῖν
277 3246 473 3326 λογιζόμενον.

222 3457 262 3505 17
270 3453 321 3506 καὶ
337 3452 438 3526 τοῦτο]
451 3452 516 3508 fort.
532 3450 624 3525 τούτῳ
637 3454 650 3524 λλ
662 3459 696 3508 18
710 3428 810 3522 παιδ’
820 3453 869 3507 καλ
879 3428 1031 3523 ὥρελιμοΫ
1040 3452 1052 3525 Ιλ
1066 3459 1099 3508 19
1116 3454 1164 3509 καί

113 3518 188 3568 ⁸⁰⁶0
209 3521 263 3588 τῆς
282 3523 391 3580 delevi.
