2430 3848
365 208 637 265 PROTREPTICUS
658 211 692 278 (ο.
707 207 791 279 XIII).
1044 206 1085 271 69

66 376 206 453 θυμιῶν
229 367 284 435 καὶ
307 375 422 438 λυπῶν
444 375 595 438 καθόσον
621 371 776 454 δύναται,
805 370 999 456 λογιζομένη
1024 369 1085 452 ὅτι,

10 492 54 534 JA.
69 474 210 541 ἐπειδάν
231 499 281 552 τις
299 477 540 563 σφόδραὴσθη
563 476 583 561 ἢ
607 481 743 561 λυπηθη
766 476 787 561 ἢ
812 479 950 560 φοβηθῇ
973 476 994 560 ἢ
1018 477 1086 541 ἐπι-

68 585 219 667 θυμηση,
244 579 345 648 οὐδὲν
368 592 531 649 τοσοῦτον
553 585 656 648 κακὸν
680 585 806 648 ἔπαθεν
829 579 884 647 ἀπ’
907 582 1018 647 αὐτῶν
1042 584 1087 659 ῶς

69 691 114 753 άυ
142 712 191 765 τις
221 690 368 773 οἰηθείη,
400 681 474 755 οἷον
501 688 521 773 ἢ
550 691 695 773 νοσήσας
723 691 744 773 ἥ
773 713 805 754 τι
833 688 1007 764 ἀναλώσας
1030 689 1086 753 διδ

69 796 128 871 τάς
152 794 341 879 ἐπιθυμίας,
361 791 433 859 ἀλλ’
460 795 478 860 ὁ
501 796 636 861 πάντων
660 795 816 880 μέγιστόν
839 820 873 861 τε
897 806 1007 860 κακῶν
1030 793 1113 860 καὶὸ

71 903 211 985 ἔσχατόν
241 903 325 985 ἐστι,
358 910 456 967 τοῦτο
488 903 606 987 πάσχει
637 901 692 967 καὶ
726 903 766 967 οὐ
798 906 959 986 λογίζεται
993 901 1085 984 αὐτό,

71 1007 124 1071 ὅτι
152 1008 192 1091 δὴ
220 1007 310 1091 φνχη
338 1009 461 1085 παντὸς
490 1008 674 1094 άυθράπου
707 1007 921 1090 ἀναγκάζεται
953 1009 1019 1093 άμα
1052 1031 1087 1073 τε

70 1113 219 1196 ἡσθῆναι
238 1114 370 1199 σφόδρα
393 1113 413 1198 ἣ
437 1120 630 1198 λυπηθῆναι
648 1111 701 1179 ἐπὶ
719 1115 827 1201 τούτῳ
847 1113 902 1179 καὶ
919 1115 1086 1198 ἡγεῖσθαι,

71 1216 149 1302 περὶ
172 1218 190 1283 ὃ
214 1217 256 1284 άν
278 1220 388 1304 πάσχη
411 1221 552 1305 μάλιστα
580 1229 693 1304 τοῦτο,
722 1229 821 1285 τοῦτο
845 1217 1087 1305 ἐναργέστατόν

10 1342 57 1383 21³·
71 1348 107 1390 τε
131 1320 294 1390 εἶναικαὶ
318 1325 560 1411 ἀληθέστατον,
584 1327 645 1412 οὐχ
669 1327 775 1404 οὕτως
798 1329 887 1412 ἔχον·
918 1334 1021 1391 ταῦτα
1050 1322 1086 1390 δὲ
1102 1344 1127 1385 10

71 1431 214 1517 μάλιστα
242 1431 353 1518 ὁρατά.
400 1433 525 1498 οὐκοῦν
548 1432 585 1499 έν
608 1435 714 1521 τούτῳ
743 1442 788 1522 τῷ
816 1435 918 1500 πάθει
946 1434 1087 1518 μάλιστα

70 1539 262 1614 καταδεῖσαι
284 1540 373 1624 ψυχὴ
397 1539 462 1605 ὑπὸ
485 1540 646 1624 σώματος,
671 1539 741 1605 ἐπεὶ
761 1539 878 1624 ἑκάστη
902 1540 1007 1624 ἡδονὴ
1031 1536 1086 1604 καὶ

71 1645 161 1726 λύπη
190 1645 300 1730 ὥσπερ
333 1639 417 1728 ἧλον
449 1647 571 1729 ἔχουσα
603 1649 770 1731 προσηλοῖ
799 1647 904 1729 αὐτὴν
935 1647 1018 1730 πρὸς
1049 1648 1086 1709 τὸ

72 1761 169 1835 σῶμα
182 1748 237 1815 καὶ
250 1759 464 1839 προσπερονᾷ
478 1749 534 1816 καὶ
547 1762 638 1816 ποιεί
650 1752 867 1836 σωματοειδῆ,
883 1750 1087 1828 δοξάζουσαν

72 1866 177 1922 ταῦτα
200 1857 309 1940 άληθη
333 1851 419 1921 εἶναι
441 1858 524 1942 άπερ
548 1856 589 1922 άν
611 1855 667 1922 καὶ
689 1858 726 1920 τὸ
751 1868 845 1940 σῶμα
867 1865 923 1941 φῇ.
966 1855 1002 1922 ἐκ
1023 1858 1087 1942 γάρ
1102 1873 1128 1916 15

71 1972 134 2028 τοῦ
149 1963 324 2048 ὁμοδοξεῖν
342 1971 387 2050 τῷ
408 1964 534 2048 σάματι
552 1961 607 2028 καὶ
626 1975 695 2040 τοῖς
717 1963 830 2040 αὐτοῖς
843 1965 972 2048 χαίρειν
987 1963 1087 2047 ἀναγ-

69 2071 211 2152 κάζεται,
236 2064 338 2153 οἶμαι,
363 2068 547 2154 ὁμότροπος
569 2093 605 2135 τε
627 2068 682 2135 καὶ
705 2070 891 2156 ὁμότροφος
909 2073 1088 2154 γίγνεσθαι

70 2175 127 2242 καὶ
152 2177 206 2241 οία
229 2175 393 2260 μηδέποτε
417 2177 464 2252 εἰς
479 2173 598 2241 ’Ἁιδου
615 2184 773 2259 καθαρῶς
796 2176 988 2261 ἀφικέσθαι,
1011 2173 1084 2242 ἀλλ’

71 2281 123 2348 ἀεὶ
152 2281 299 2347 άναπλέα
331 2291 392 2347 τοῦ
419 2283 570 2366 σώματος
597 2281 732 2363 ἐξιέναι,
767 2283 850 2348 ὥστε
877 2287 960 2367 ταχὺ
986 2284 1087 2348 πάλιν

69 2392 204 2455 πίπτειν
237 2390 284 2466 είς
311 2390 392 2453 άλλο
426 2398 519 2472 σῶμα
551 2386 606 2452 καὶ
639 2389 748 2473 ὥσπερ
782 2387 982 2472 σπειρομένη
1014 2390 1085 2472 [μὴ]
1101 2405 1129 2446 20

12 2510 56 2551 1A·
71 2494 274 2580 ἐμφύεσθαι,
296 2492 352 2559 καὶ
371 2494 406 2560 ε’κ
425 2494 554 2559 τούτων
572 2495 711 2579 άμοιρος
730 2487 816 2558 εἶναι
834 2502 891 2578 τῆς
908 2503 969 2560 τοῦ
987 2496 1087 2560 θείου

71 2625 106 2667 τε
138 2599 195 2667 καὶ
226 2607 381 2687 καθαροῦ
409 2598 464 2666 καὶ
496 2601 694 2686 μονοειδοῦς
720 2605 911 2679 συνουσίας.
957 2602 1086 2666 τούτων

69 2712 191 2774 τοίνυν
214 2707 310 2773 ἕνεκα
339 2706 374 2771 oc
399 2708 535 2784 δικαίως
557 2712 757 2792 φιλομαθεῖς
783 2710 919 2792 κόσμιοί
945 2709 1009 2772 είσι
1032 2704 1087 2771 καὶ

70 2814 238 2898 ἀνδρεῖοι,
268 2813 329 2897 οὐχ
357 2807 405 2877 ὧν
428 2813 464 2878 οί
483 2811 602 2879 πολλοὶ
626 2812 721 2879 ἕνεκά
744 2830 857 2897 φασιν.
901 2807 972 2877 ἀλλ’
999 2812 1086 2876 οὕτω

71 2915 234 3004 λονίσαιτ’
270 2919 311 2985 άν
343 2921 433 3004 ψυχὴ
466 2918 588 3005 άνδρὸς
619 2921 826 3004 φιλοσόφου,
864 2917 917 2983 καὶ
951 2918 1012 2984 οὐκ
1045 2916 1127 2983 άνῶ

72 3029 207 3110 οἰηθείη
240 3028 302 3110 τὴν
335 3023 396 3111 μὲν
428 3027 635 3110 φιλοσοφίαν
671 3033 791 3111 χρῆναι
829 3023 950 3108 ἑαυτὴν
982 3026 1086 3108 λύειν,

71 3134 220 3218 λυοάσης
249 3128 285 3198 δὲ
313 3130 440 3214 ἐκείνης
468 3131 573 3215 αὑτὴν
601 3133 825 3217 παραδιδόναι
852 3141 923 3209 ταῖς
949 3131 1088 3214 ἡδοναῖς

70 3277 286 3288 -.--

164 3367 178 3415 1
198 3361 293 3415 λυπῶν
307 3359 356 3414 καὶ
371 3358 468 3432 φόβων
484 3359 506 3414 Ρ
520 3361 529 3429 I!
543 3352 595 3444 4ιῆ
609 3361 640 3413 τί
649 3361 689 3428 116
708 3357 742 3415 ου’
759 3358 972 3442 λογίζεταιΙΡΚε
991 3360 1087 3446 συλλοῖ

71 3435 179 3521 χίζετριι
193 3435 202 3503 ss
216 3437 239 3515 8·
253 3427 303 3486 ἐπί
320 3450 358 3503 τῳ
377 3430 399 3485 Ρ
416 3431 426 3500 I
445 3437 478 3486 10
496 3449 614 3522 τριχντα
636 3431 669 3522 δὲ
691 3433 758 3520 (ηομ
775 3433 817 3512 τε]
836 3429 964 3514 §eamn
975 3432 1096 3514 Ipsa

64 3501 413 3642 χχχχχιχλὲχιχιχοιῖὲχλθχξχ
421 3498 486 3650 {a}
498 3501 923 3656 χεχιαχχιχὴηχοχχχυοῑιφεῶᾫ
938 3495 994 3553 ξοδ
1005 3509 1123 3554 mm
