2430 3848
383 176 653 234 Ροοταοευιουε
673 181 706 249 ρ.
721 177 753 233 x.
768 178 826 247 ει).
1068 176 1111 242 οῖ

98 342 160 406 τὸν
178 342 390 406 καθεύδοντα
409 339 572 424 λέγοντες,
596 339 641 416 ὡς
664 338 775 426 ἔοικε),
800 341 904 424 δῆλον
922 340 973 405 ὅτι
995 337 1051 404 καὶ
1073 341 1111 405 τδ

98 451 157 530 ζῆν
178 447 401 530 ἀκολουθήσει
420 448 536 522 διττῶς
554 446 748 529 λεγόμενον·
771 448 831 511 τὸν
849 441 911 530 μὲν
933 447 997 532 γάρ
1016 444 1111 532 ἐγρη-

96 555 221 638 γορότα
244 552 369 638 φατέον
393 556 450 637 ζῆν
474 552 608 636 άληθῶς
626 550 682 616 καὶ
700 555 832 638 κυρίως,
856 551 916 617 τὸν
935 549 972 616 δὲ
989 553 1112 618 καθεύ-

97 663 202 726 δοντα
230 661 286 724 διά
311 662 349 725 τὸ
377 660 547 725 δύνασθαι
574 659 790 743 μεταβάλλειν
820 659 868 735 είς
898 658 1023 742 ταύτην
1050 660 1111 742 την

52 785 82 825 K
96 769 242 851 κίνησιν,
261 761 340 830 καθ’
356 765 400 849 ἣν
414 763 553 849 λέγομεν
568 763 786 851 ἐγρηγορέναι
799 787 834 830 τε
852 762 990 830 καὶτῶν
1007 785 1138 849 τραγ-ι

97 874 212 957 μάτων
243 871 471 964 αἰσθάνεσθαί
495 895 593 949 τινος.
640 873 696 937 διά
727 880 825 937 τοῦτο
853 869 910 938 καὶ
939 873 986 948 είς
1013 880 1111 936 τοῦτο

97 979 285 1062 βλέποντες,
309 980 390 1045 ὅταν
411 975 473 1045 οὖν
492 977 630 1063 λέγηταί
644 1003 676 1044 τι
694 978 816 1045 ταύτὸν
835 977 989 1063 ἑκάτερον
1013 979 1112 1043 δυοῖν

98 1086 222 1169 ὄντοιν,
247 1076 268 1170 ἦ
292 1082 329 1150 δὲ
351 1085 496 1171 θάτερον
518 1087 698 1168 λεγόμενον
717 1083 738 1167 ἢ
757 1085 795 1148 τὸ
818 1095 927 1148 ποιεῖν
949 1084 970 1168 ἢ
990 1086 1028 1149 τὸ
1051 1084 1112 1149 πά-

98 1206 201 1274 σχειν,
224 1191 331 1279 τούτῳ
352 1196 479 1276 μᾶλλον
498 1190 716 1275 ἀποδώσομεν
734 1190 895 1276 ὑπάρχειν
917 1191 955 1255 τὸ
978 1189 1111 1274 λεχθέν,

98 1288 173 1362 οἷον
201 1296 399 1363 ἐπίστασθαι
426 1293 487 1381 μὲν
514 1302 641 1381 μᾶλλον
668 1298 728 1363 τὸν
754 1299 928 1384 χρώμενον
960 1305 1021 1362 τοῦ
1050 1296 1111 1379 τὴν
1126 1319 1153 1360 10
1208 1382 1210 1388 s

97 1402 281 1488 ἐπιστήμην
313 1406 461 1488 ἔχοντος,
494 1403 578 1489 ὁρᾶν
610 1400 647 1469 δὲ
679 1406 738 1470 τὸν
767 1404 1019 1490 προσβάλλοντα
1050 1403 1112 1486 τὴν
1203 1388 1209 1393 ’

98 1510 179 1586 ὄψιν
206 1518 267 1574 τοῦ
295 1508 485 1594 δυναμένου
507 1510 739 1594 προσβάλλειν.
785 1510 826 1576 οὐ
853 1512 916 1594 γάρ
944 1513 1051 1595 μόνον
1073 1510 1111 1574 τὸ

97 1619 226 1699 μᾶλλον
253 1613 393 1700 λέγομεν
419 1612 497 1680 καθ’
529 1616 696 1700 ὑπεροχὴν
724 1611 772 1681 ὧν
804 1615 846 1680 άν
879 1608 925 1692 εἷς
952 1607 974 1700 ᾖ
1001 1619 1112 1699 λόγος,

97 1720 182 1786 ἄλλά
204 1719 259 1787 καί
282 1724 364 1786 κατὰ
386 1724 423 1787 τὸ
446 1723 610 1807 πρότερον
632 1716 779 1786 εἶναιτὸ
802 1718 839 1786 δὲ
860 1721 1014 1805 ὕστερον,
1038 1714 1112 1786 οἷον

96 1828 159 1910 τὴν
182 1826 300 1910 ὑγείαν
323 1839 390 1894 τῶν
408 1829 565 1912 ὑγιεινῶν
584 1832 711 1913 μᾶλλον
730 1827 862 1911 ἀγαθὸν
880 1822 970 1892 εἶναί
990 1852 1111 1912 φαμεν,
1126 1848 1153 1890 τι

52 1951 82 1994 A.
96 1931 154 1998 καὶ
180 1935 218 1999 τὸ
245 1931 324 1999 καθ’
351 1934 431 2000 αὑτὸ
459 1935 521 2018 τὴν
548 1935 653 2019 φύσιν
681 1935 813 2020 αἱρετὸν
840 1942 902 1999 τοῦ
929 1942 1112 2017 ποιητικοῦ.

53 2058 82 2100 ιτ
96 2042 205 2105 καίτοι
228 2042 288 2105 τόν
309 2065 347 2124 γε
366 2043 468 2125 λόγον
486 2041 615 2128 δρῶμεν
634 2042 679 2119 ὡς
697 2041 758 2126 οὑχ
782 2032 802 2127 ᾖ
822 2040 891 2106 ἐστι
909 2041 1112 2125 κατηγορού-

97 2170 197 2230 μενος
220 2145 361 2231 ἀμφοῖν,
386 2148 436 2213 ὄτι
459 2146 591 2231 ἀγαθὸν
619 2146 773 2234 ἑκάτερον
801 2146 858 2213 ἐπί
876 2170 912 2212 τε
934 2158 1002 2212 τῶν
1026 2146 1112 2231 ὠφε-

96 2255 206 2337 λίμων
232 2251 288 2318 καὶ
315 2262 372 2337 τῆς
400 2252 525 2339 ἀρετῆς.
569 2252 625 2318 καὶ
653 2257 710 2336 ζῆν
738 2254 802 2337 άρα
832 2259 959 2337 μᾶλλον
987 2253 1112 2337 φατέον

97 2360 157 2424 τὸν
181 2356 384 2445 ἐγρηγορότα
411 2368 472 2424 τοῦ
494 2359 722 2434 καθεύδοντος
750 2356 887 2423 καὶτὸν
911 2358 1112 2441 ἐνεργοῦντα
1126 2381 1154 2422 20

97 2472 138 2549 τῇ
161 2474 250 2550 φυγῇ
272 2473 334 2530 τοῦ
356 2468 462 2550 μόνον
483 2467 629 2550 ἔχοντος·
654 2465 710 2529 διά
732 2465 796 2549 γάρ
815 2463 944 2530 ἐκεῖνον
962 2462 1018 2529 καὶ
1036 2475 1112 2530 τοῦ·
1150 2459 1152 2463 ’

97 2594 158 2637 τον
178 2575 235 2655 ζῆν
254 2595 375 2656 φαμεν,
394 2572 614 2648 ὅτιτοιοῦτός
632 2569 722 2636 ἐστιν
742 2563 812 2648 οἷος
830 2569 956 2648 ἐκεῖνος
974 2571 1112 2656 πάσχειν

96 2676 118 2760 ἣ
146 2688 264 2743 ποιεῖν.
311 2677 435 2743 οὐκοῦν
461 2681 500 2743 τό
526 2702 564 2762 γε
586 2685 733 2764 χρῆσθαι
761 2675 861 2742 παντὶ
890 2675 979 2743 τοῦτ’
1011 2677 1111 2762 ἐστίν,

98 2783 180 2848 ὅταν
203 2785 235 2848 εί
255 2780 317 2869 μὲν
340 2783 415 2861 ἑνὸς
437 2784 458 2868 ἡ
481 2784 623 2869 δύναμίς
645 2785 730 2868 ἐστι,
758 2794 857 2849 τοῦτο
881 2784 962 2848 αὐτὸ
985 2785 1111 2870 πράττη

97 2910 158 2971 τις,
183 2890 214 2954 εί
230 2885 267 2954 δὲ
286 2891 451 2955 πλειόνων
469 2891 529 2955 τὸν
547 2890 704 2976 ἀριθμόν,
729 2888 746 2954 δ
766 2888 808 2953 άν
826 2890 955 2954 τούτων
976 2890 1013 2954 τὸ
1038 2887 1112 2973 βέλ-
1126 2908 1152 2949 ετ

96 3011 222 3077 τιστον,
247 2988 321 3061 οἷον
344 2996 469 3078 αὐλοῖς,
493 2998 566 3078 ἤτοι
589 2998 695 3081 μόνον
718 2996 798 3061 ὅταν
819 2995 905 3081 ἀὐλῇ
928 3000 1049 3082 χρῆταί
1062 3020 1112 3074 τις

96 3101 118 3185 ἢ
146 3102 300 3186 μάλιστα·
335 3109 413 3180 ίσως
439 3103 503 3187 γάρ
532 3100 585 3169 ἐπὶ
612 3104 718 3191 τούτῳ
748 3101 803 3167 καὶ
830 3103 871 3167 τδι
897 3113 964 3167 τῶν
991 3105 1110 3168 άλλων.

188 3335 204 3384 8
224 3327 240 3396 ἢ
256 3327 287 3384 τὸ
302 3331 450 3398 utrobique
462 3333 498 3385 A:
514 3324 583 3419 ἦρά
597 3333 609 3414 ΙΙ
622 3337 656 3384 14
667 3328 743 3417 pavo}
759 3327 788 3383 τὸ
804 3327 857 3402 <za
872 3329 946 3416 μὲνὶ
959 3334 1111 3416 ειεμοοῖρε,

97 3404 128 3456 ελ
148 3401 182 3458 cf.
202 3402 237 3456 οδ
252 3419 279 3471 p.
294 3408 336 3469 54,
354 3409 366 3455 1
387 3403 448 3471 1117
468 3398 519 3470 οὑχ
538 3421 555 3470 η
575 3401 686 3456 v1t0111:
710 3400 773 3468 ουχὶ
791 3403 800 3470 ΙΙ
820 3405 853 3454 18
872 3398 907 3453 δε
927 3419 971 3454 οτι
991 3405 1058 3468 ροσε
1075 3421 1116 3459 ας

96 3490 123 3528 τ.
140 3470 249 3541 Βοοίλτ,
268 3472 327 3526 Ind.
342 3473 457 3528 Aristot.
472 3490 499 3543 p.
515 3473 770 3545 ειεε,1τηη.η<ε(ι
786 3471 857 3527 m.
875 3467 938 3532 οἷος
954 3465 1041 3539 «δὴ
1055 3464 1135 3518 εκεῖ-

97 3561 146 3604 νος
163 3543 209 3596 νε]
225 3539 285 3603 οἶος
301 3538 424 3608 ἐκείνως.
