2430 3848
152 173 196 237 64
395 207 397 211 -
558 171 749 228 IAMBLIOHI

150 336 292 420 τροφήν·
320 336 368 399 ἔτι
395 331 432 400 δὲ
455 336 497 400 ἀν
520 357 608 413 τινες
630 336 726 402 νόσοι
754 333 1003 421 προσπέσωσιν,
1028 333 1168 417 έμποδί-

152 443 265 518 ζουσιν
293 440 388 525 ήμῶν
410 443 471 526 τὴν
498 450 559 507 τοῦ
587 443 684 519 ὄντος
712 445 833 528 θήραν.
879 441 1013 527 έρώτων
1044 437 1081 505 δέ
1108 439 1167 506 καὶ

150 545 338 632 έπνθυμιῶν
365 546 420 613 καὶ
450 551 567 632 φόβων
596 548 652 614 καὶ
682 549 829 614 εἰδώλων
857 549 1081 614 παντοδαπῶν
1109 545 1167 612 καὶ

150 657 315 740 φλυαρίας
347 655 546 740 ἐμπίπλησιν
578 655 677 740 ἡμᾶς,
715 657 799 720 ὥστε
834 656 870 719 τὸ
904 657 1086 739 λεγόμενον
1121 654 1167 732 ῶς

124 758 286 845 ῡάληθῶς
308 769 353 849 τῷ
377 763 449 826 δντι
472 755 528 826 ὑπ’
550 761 654 827 αὐτοῦ
678 759 758 827 οὐδὲ
782 768 951 847 φρονῆσαι
973 760 1054 845 ἡμῖν
1075 759 1166 845 έγγί-

150 889 263 948 γυεται
287 865 447 932 οὐδέποτε
470 866 580 933 οὐδέν.
617 865 753 953 καὶγὰρ
774 865 940 952 πολέμους
957 864 1013 932 καὶ
1032 867 1166 946 στάσεις

149 970 205 1036 καὶ
227 973 332 1056 μάχας
355 969 455 1039 οὐδὲν
478 975 559 1040 ἀλλο
582 972 716 1060 παρέχει
733 972 754 1056 ή
773 974 810 1038 τὸ
834 984 929 1057 σῶμα
950 971 1006 1039 καὶ
1028 973 1067 1038 αί
1086 974 1178 1040 τού-·

148 1099 209 1144 του
241 1078 424 1164 ἐπιθυμίαι.
471 1080 527 1144 διά
558 1082 621 1166 γδιρ
653 1082 714 1165 τήν
743 1089 810 1143 τῶν
841 1078 1018 1163 χρημάτων
1045 1088 1164 1163 κτήσιν

148 1185 269 1263 πάντες
297 1186 332 1251 ολ
356 1189 494 1271 πόλεμοι
520 1189 687 1271 γίνονται,
715 1188 755 1250 τὰ
784 1181 820 1250 δὲ
847 1187 995 1270 χρήματα
1018 1183 1164 1268 ἀναγκα-

110 1309 136 1348 10
151 1293 274 1374 ζόμεθα
296 1300 440 1359 κτᾶσθαι
463 1293 519 1357 διά
542 1294 580 1357 τὸ
604 1303 713 1375 σῶμα,
737 1292 955 1369 δουλεύοντες
976 1299 1016 1375 τή
1038 1293 1163 1358 τούτου

148 1401 325 1483 θεραπεία·
347 1396 403 1463 καὶ
426 1398 462 1464 έκ
483 1400 605 1464 τούτου
628 1398 788 1483 ἀσχολίαν
812 1399 935 1482 ἀγομευ
958 1401 1164 1481 φιλοσοφίας

147 1500 224 1588 πέρι
256 1504 311 1568 διδι
343 1504 450 1570 πάντα
477 1513 587 1570 ταῦτα.
633 1507 670 1569 τὸ
704 1501 741 1569 δὲ
770 1507 909 1589 ἔσχατον
936 1503 1070 1569 πάντων
1099 1505 1161 1587 ὅτι,

148 1608 206 1674 έάν
233 1633 283 1687 τις
309 1611 389 1694 ἡμῖν
411 1609 467 1676 καὶ
495 1612 595 1696 σχολή
623 1610 759 1696 γένηται
787 1605 841 1675 ἀπ’
868 1609 973 1674 αὐτοῦ
999 1608 1056 1675 καὶ
1082 1632 1162 1696 τρα-

147 1717 287 1801 πώμεθα
319 1719 401 1804 πρὸς
432 1719 469 1783 τὸ
497 1729 634 1784 σκοπεῖν
665 1741 712 1801 τι,
745 1716 782 1782 έν
813 1727 885 1793 ταῖς
916 1718 1087 1800 ζητήσεσιν
1119 1712 1161 1783 αὖ

108 1839 133 1880 1⁵
147 1834 317 1909 πανταχοῦ
347 1835 557 1910 παραπῖπτον
584 1826 738 1910 θόρυβον
765 1821 899 1908 παρέχει
928 1819 983 1886 καὶ
1010 1824 1160 1908 ταραχήν

145 1927 201 1995 καὶ
225 1928 403 2014 έκπλήττει,
427 1930 510 1995 ὥστε
533 1930 577 2014 μή
602 1929 771 1994 δύνασθαι
793 1923 849 1994 ὑπ’
876 1928 981 1994 αὐτοῦ
1003 1935 1160 2014 καθορᾶν

145 2034 299 2118 τάληθές,
324 2036 407 2101 ἀλλά
424 2044 469 2123 τῶ
489 2037 561 2100 ὄντι
579 2034 659 2118 ἡμῖν
679 2034 842 2101 δέδεικται
861 2036 923 2118 ὅτι,
943 2036 974 2100 εί
990 2033 1157 2120 μέλλομέν
1172 2038 1214 2132 ξξθ,

146 2162 225 2205 ποτε
256 2147 413 2226 καθαρῶς
443 2164 475 2206 τι
508 2148 673 2224 εἴσεσθαι,
707 2140 932 2207 ἀπαλλακτέον
965 2142 1070 2207 αὐτοῦ
1102 2141 1160 2208 καὶ

147 2247 229 2331 αὐτή
255 2256 295 2334 τή
319 2256 407 2332 ψυχή
430 2246 572 2314 θεατέον
600 2247 683 2313 αὐτδι
709 2248 750 2311 τά
772 2248 961 2332 πράγματα·
988 2245 1045 2312 καλ
1071 2250 1158 2333 τότε,

106 2370 132 2410 2⁰
146 2354 190 2431 ὡς
213 2357 335 2437 έοικεν,
363 2354 443 2439 ἡμῖν
470 2357 561 2420 ἔσται
589 2349 630 2420 οὗ
657 2352 887 2439 έπιθυμοῦμέν
909 2377 944 2419 τε
966 2356 1025 2418 καί
1045 2378 1160 2440 φαμεν

145 2459 279 2547 έρασταὶ
303 2456 402 2543 εἶναι,
426 2464 604 2546 φρόνησις,
632 2460 766 2526 έπειδδιν
788 2462 1045 2543 τελευτήσωμεν,
1069 2461 1158 2538 ῶςό

145 2569 244 2650 λόγος
266 2569 429 2651 σημαίνει,
454 2569 532 2645 ζῶσι
555 2562 592 2631 δὲ
615 2567 665 2632 οὔ.
711 2568 742 2631 εί
766 2567 830 2650 γάρ
854 2566 897 2650 μή
922 2558 995 2630 οἶόν
1017 2588 1053 2631 τε
1076 2568 1161 2650 μετὰ

144 2681 205 2736 τοῦ
228 2673 378 2756 σώματος
400 2669 505 2756 μηδὲν
527 2678 684 2758 καθαρῶς
706 2682 843 2755 γνῶναι,
868 2673 966 2738 δυοῖν
985 2672 1026 2737 τὰ
1049 2671 1160 2758 ἕτερα,

144 2778 165 2863 ἢ
189 2779 341 2864 οὐδαμοῦ
364 2782 432 2845 ἔστι
458 2781 644 2863 κτήσασθαι
671 2779 708 2842 τὸ
737 2776 861 2843 εἰδέναι
883 2777 904 2862 ή
928 2781 1160 2863 τελευτήσασι·

105 2904 131 2945 τι
144 2888 217 2951 τότε
247 2887 310 2972 γάρ
339 2886 421 2970 αὐτή
449 2882 530 2951 καθ’
557 2885 661 2968 αὑτήν
689 2886 780 2951 ἔσται
807 2884 828 2967 ἡ
855 2886 944 2969 ψυχή
971 2883 1073 2971 χωρὶς
1098 2896 1161 2954 τοῦ

145 2992 306 3075 σώματος,
328 2995 491 3078 πρότερον
516 2987 553 3056 δὲ
572 2992 620 3057 οὔ.
657 2989 712 3056 καὶ
735 2990 772 3056 έν
795 2981 821 3079 ᾧ
845 2989 886 3056 ἀν
911 2994 1025 3075 ζῶμεν,
1051 2992 1162 3072 οὕτως

145 3099 189 3175 ῶς
217 3100 323 3163 ἔοικεν
355 3098 521 3182 έγγντάτω
553 3097 699 3182 έσόμεθα
726 3106 786 3162 τοῦ
813 3095 953 3180 είδέυαι,
986 3096 1045 3162 ἐὰν
1079 3099 1099 3164 ὅ
1128 3124 1161 3166 τι

144 3206 284 3290 μάλιστα
308 3201 413 3290 μηδὲν
432 3204 598 3290 ὁμιλῶμεν
616 3212 661 3291 τῷ
682 3205 807 3288 σῶματι
828 3199 912 3288 μηδὲ
929 3214 1161 3290 κοινωνῶμεν,

144 3312 163 3377 ὅ
181 3335 213 3377 τι
231 3314 275 3397 μή
294 3321 383 3377 πᾶσα
401 3311 538 3395 ἀνάγκη,
558 3308 642 3396 μηδὲ
660 3311 944 3395 ἀναπιμπλώμεθα
958 3318 1015 3394 τῆς
1032 3313 1163 3379 τούτου

215 3545 251 3592 14
272 3560 306 3611 τι,
327 3538 378 3614 έν]
396 3543 429 3597 τί
445 3539 478 3599 έν
491 3545 502 3614 ΙΙ
518 3546 552 3597 15
571 3541 756 3613 παραπῖπτον
768 3540 830 3608 m
849 3541 927 3593 δυοῖν
946 3539 1070 3609 θάτεραι
1088 3541 1125 3600 P.
