2430 3848
471 164 686 221 PRAEFATIO.
1051 166 1090 220 IX

76 329 112 392 in
143 328 290 393 Platonis
328 328 407 393 locis
444 329 574 391 tantum
612 330 669 391 aut
704 326 739 392 iu
770 325 1087 412 Pseudoarchytae¹)

75 434 269 519 fragmentis
292 434 519 517 reperirentur.

144 539 232 616 Quae
265 538 395 604 silentio
427 538 583 623 praeterii
612 559 652 602 ne
681 539 925 604 adnotationem
954 539 1088 623 scriptu-

75 668 185 711 rarum
204 643 292 709 haud
307 644 388 709 satis
402 644 621 729 probabilium
636 644 800 729 farragine
815 665 993 730 onerarem,
1010 645 1089 709 item

77 751 319 817 observationes
339 752 372 813 et
391 748 632 815 emendationes
651 772 731 834 quas
746 751 822 815 dum
836 750 889 816 hic
903 751 986 815 liber
1000 751 1089 834 typis

76 857 318 923 describebatur
341 855 380 921 H.
404 853 518 919 Vitelli
541 877 666 920 mecum
689 857 953 941 communicavit,
980 856 1091 921 omnia

78 964 215 1049 denique
239 984 321 1049 quae
345 961 550 1027 retractanda
570 961 756 1027 viderentur
775 963 931 1028 coniciam
951 984 1037 1027 nunc
1055 962 1089 1026 in

323 1173 508 1238 Addenda
532 1179 570 1239 et
593 1172 843 1259 Corrigenda.

148 1315 179 1369 P.
191 1320 241 1382 7,2
264 1313 369 1368 ‘Verba
387 1308 481 1375 πάσας
499 1309 531 1366 δὲ
551 1313 684 1375 παιδείας
699 1312 723 1366 si
737 1314 860 1369 arictoris
874 1315 964 1370 nostri
977 1313 1008 1369 in
1022 1315 1089 1370 seri-

76 1403 170 1458 bendo
184 1400 332 1472 diligentia
345 1402 420 1455 esset
435 1401 532 1468 maior,
547 1400 667 1456 delenda
677 1403 830 1457 censerem'
841 1401 868 1456 K
880 1405 890 1474 Ι]
902 1423 930 1474 p.
943 1409 984 1472 10,
995 1408 1011 1459 5
1024 1402 1089 1472 lege

76 1489 112 1545 τὰ
127 1488 213 1560 μικρὰ
226 1492 236 1559 l
248 1509 275 1561 p.
288 1494 330 1557 14,
343 1496 374 1543 11
395 1490 430 1544 de
449 1509 475 1544 v.
491 1485 678 1559 ἐπεισοδιώδη
698 1491 871 1560 (coniectura
890 1509 952 1546 eam
967 1491 1089 1546 assecuti

78 1582 158 1635 erant
180 1578 408 1634 Hemsterhusius
434 1580 463 1633 et
485 1577 588 1634 Christ.
614 1578 728 1636 Godofr.
747 1579 861 1650 Miller)
884 1579 919 1635 ef.
943 1581 1089 1636 Iamblich.

78 1685 122 1737 ap.
143 1666 220 1722 stob.
239 1666 297 1722 Ecl.
312 1665 339 1721 H
353 1672 378 1735 8,
393 1673 411 1721 4
429 1668 466 1736 (v.
481 1665 508 1719 Il
526 1684 554 1736 p.
570 1670 629 1733 175,
644 1672 662 1720 4
680 1667 845 1736 Wachsm.).
872 1669 1026 1738 Friedlein,
1044 1669 1089 1724 In-

79 1757 132 1811 dex
156 1756 193 1810 ad
211 1756 302 1810 Proel.
324 1756 356 1809 in
375 1754 482 1810 Euclid.
503 1770 523 1808 s.
543 1773 569 1810 v.
588 1755 677 1808 Busse
700 1756 787 1824 praef.
812 1755 842 1810 in
859 1758 994 1826 Porphyr.
1014 1758 1089 1828 Isag.

80 1865 107 1916 p.
122 1844 182 1899 VH.
217 1841 376 1911 ἐπονοιώδη
400 1842 551 1911 scripserat
567 1841 593 1895 K
612 1842 647 1897 de
666 1842 804 1912 Scaligeri
822 1844 984 1900 coniectura
1003 1842 1090 1916 (ἔπει-

77 1930 165 2002 σιώδη
184 1931 266 1987 Laur.
282 1937 325 1999 86,
340 1936 374 1984 29
394 1931 423 1985 et
437 1929 472 2000 A)
487 1931 496 2000 ΙΙ
509 1949 536 2000 p.
554 1934 596 1999 15,
612 1936 645 1986 18
665 1933 694 1987 et
712 1937 753 2000 16,
769 1937 785 1986 3
806 1932 943 2002 ‘paenitet
955 1951 1001 1988 me
1016 1952 1090 1991 nunc

78 2020 183 2077 futtilis
198 2020 383 2087 coniecturae,
399 2036 456 2089 qua
466 2019 587 2075 Crotone
597 2019 709 2075 saniora
729 2022 813 2076 verba
828 2019 943 2090 φύσεων
958 2024 987 2077 et
1001 2020 1089 2092 φύσιν

76 2108 251 2165 attrectavi’.
271 2107 371 2164 Vitelli
384 2111 394 2179 ῃ
407 2127 434 2178 p.
451 2114 493 2176 16,
508 2114 543 2163 20
561 2104 736 2180 πράγμασιν]
755 2111 881 2166 omnibus
898 2112 930 2166 ιἰι
946 2113 1027 2168 rebus
1039 2114 1090 2169 bu-

76 2200 168 2254 macic
186 2199 215 2253 et
231 2198 266 2253 N.
283 2196 435 2252 Scutellius
453 2196 540 2253 vertit
559 2197 605 2267 (de
619 2200 696 2252 secta
705 2197 824 2268 Pytbp.
836 2202 894 2267 28);
914 2200 963 2269 qui
982 2202 1089 2270 codice,

77 2289 110 2341 ut
128 2286 248 2354 videtur,
267 2302 324 2340 non
342 2286 499 2355 spernendo
518 2303 584 2339 usus
604 2286 742 2353 quaedam
762 2304 795 2341 ex
809 2287 985 2358 Protreptico
999 2289 1089 2344 latine

77 2373 216 2444 excerpsit
237 2375 266 2429 in
291 2373 364 2429 libro
389 2374 437 2443 qui
460 2373 622 2428 inscribitur
646 2374 758 2428 ‘Iambl.
783 2375 815 2429 dc
838 2376 952 2446 Myrtea
971 2378 1088 2448 Aegypt.

76 2464 130 2519 etc.
150 2463 266 2517 Nicolao
285 2462 416 2518 Scatellio
438 2463 591 2531 interprete.
628 2462 739 2517 Adiecit
761 2462 794 2517 dc
816 2464 875 2518 cita
898 2469 923 2518 et
942 2470 1014 2519 secta
1032 2467 1087 2537 Py·

74 2553 204 2621 thaporae
228 2549 369 2617 Florenti,
395 2553 429 2606 ab
455 2552 544 2607 codem
567 2551 697 2607 Statellio
720 2569 753 2607 ea
776 2553 836 2622 ipso
860 2553 1014 2610 Iamblicho
1036 2557 1090 2610 col·

76 2641 148 2695 lecti'
170 2641 287 2710 (Romae
305 2656 329 2694 a.
347 2642 427 2709 1666)
449 2642 459 2710 l}
481 2658 508 2709 p.
526 2645 567 2707 18,
582 2645 616 2695 27
647 2640 734 2696 verba
756 2641 805 2696 καὶ
829 2639 1024 2713 ἐπεσημήνατο
1043 2645 1090 2700 vel

76 2729 191 2798 propter
219 2744 395 2783 communem
424 2729 544 2783 formam
566 2730 696 2798 suspecta
719 2746 776 2784 non
799 2729 916 2799 respicit
937 2731 1035 2787 Iambl.
1060 2733 1090 2787 in

75 2816 263 2886 explicatione
282 2835 308 2886 p.
326 2822 477 2888 19,18eq.
502 2820 511 2886 ΙΙ
533 2835 560 2886 p.
579 2823 625 2886 19,
641 2823 655 2871 7
681 2817 847 2873 ‘Schneider
868 2819 899 2872 in
923 2819 1014 2875 lexico
1039 2837 1089 2875 suo

150 2980 176 3046 1)
194 2978 334 3046 Archytae
357 2975 525 3046 philosopho
549 2975 702 3032 Tarentino
725 2975 912 3032 adscribenda
934 2996 994 3034 esse
1017 2996 1089 3048 quae

76 3083 111 3120 ex
133 3065 205 3121 libro
224 3064 296 3135 Περὶ
320 3065 424 3133 σοφίας
447 3065 611 3120 adferuntur
634 3068 824 3135 (pp.16-24)
847 3066 1018 3136 fragmenta,
1042 3069 1090 3122 vix

78 3155 134 3210 erit
156 3153 206 3222 qui
224 3155 329 3209 credat.
367 3151 397 3207 Si
415 3154 477 3222 quis
495 3153 579 3208 aliter
597 3157 723 3222 censeat,
741 3171 792 3224 per
809 3171 855 3209 me
873 3154 941 3210 licet
958 3156 1090 3214 restituat

75 3243 200 3299 doricam
215 3243 366 3297 dialectum
381 3242 493 3310 qualem
503 3240 644 3312 Archytae
657 3242 863 3297 restituendam
877 3243 1089 3302 ducitBlassius

74 3333 105 3388 in
116 3332 262 3401 Me‘luapea
272 3331 372 3387 Graue
385 3351 412 3401 p.
424 3336 475 3387 676
486 3350 546 3400 sqq.
570 3331 631 3400 Ego
645 3332 828 3387 contrahere
841 3332 945 3387 multas
959 3333 1090 3403 vulgares

73 3420 180 3478 formas
194 3419 336 3490 patienter
349 3419 412 3488 tuli,
431 3420 481 3474 sed
499 3419 529 3474 in
547 3422 645 3490 aperto
665 3421 761 3476 estne
779 3422 961 3490 personatum
976 3422 1089 3492 quidem

72 3511 229 3580 Archytam
248 3509 333 3563 modo
353 3504 415 3564 ἐντί
430 3509 514 3564 modo
534 3503 596 3563 ἐσσί
610 3508 731 3564 seribere
750 3508 884 3577 potuisse.
