2430 3848
330 173 604 229 PROTREPTICUS
624 178 658 245 (ο.
673 175 745 230 XIX.
760 176 832 245 XX).
1045 177 1088 241 93

73 337 186 421 ἀγαθά
219 335 360 420 λέγεται·
392 333 448 401 καί
479 337 542 420 γὰρ
574 335 633 414 ὀξὺ
664 336 747 423 ὁράν
778 335 835 402 καὶ
867 337 1002 404 ἀκούειν
1033 337 1088 404 καλ

72 443 180 508 πάντα
208 443 270 507 ὅσα
298 445 404 527 ἔχεται
431 453 500 507 τῶν
532 444 723 526 αίσθήσεῶν
754 444 962 528 εὐαισθήτως
990 447 1088 529 ἔχειν,

72 551 121 614 ἔτι
144 544 182 614 ὁὸ
209 545 265 612 καὶ
292 550 330 612 τὸ
353 556 463 614 ποιεῖν
485 558 717 635 τυραννοῦντα
741 549 759 614 ὁ
783 573 814 614 τι
842 548 906 615 ὁάυ
929 549 1087 636 ἐπιθυμῇ,

72 652 188 720 καὶτὸ
213 655 254 737 ὁή
277 652 370 731 τέλος
393 653 521 737 ἀπάσης
544 657 784 740 μακαριότητος
811 650 897 721 εἶναι
921 657 958 721 τὸ
982 658 1090 721 πάντα

72 770 175 827 ταῦτα
211 759 414 846 κεκτημένον
451 761 623 827 ἀθάνατον
660 757 747 828 είναι
782 766 966 848 γενόμενον
1003 761 1022 827 ὅ
1057 783 1116 827 τιι

72 867 216 952 τάχιστα.
263 865 281 931 ὁ
310 863 348 931 ὁὸ
372 866 448 950 ἐμὸς
475 870 574 951 λόγος
595 866 673 932 ταὸὶ
696 867 799 952 λέγει,
829 870 873 945 ὡς
894 868 998 934 ταῦτά
1021 868 1090 933 ἐστι

73 962 244 1059 ξύμπαντα
277 973 419 1049 ὁικαίοις
455 969 516 1058 μὲν
549 971 606 1038 καὶ
639 973 745 1050 ὁσίοις
776 974 940 1059 ἀνδράσιν
973 975 1090 1060 ἀριστα

73 1083 231 1164 κτήματα,
255 1078 383 1155 ἀὸίκοις
406 1074 443 1144 ὁὸ
465 1079 603 1143 κάκιστα
627 1078 810 1162 ξύμπαντα,
835 1079 1001 1163 ἀρξάμενα
1025 1080 1089 1145 ἀπὸ

73 1196 131 1270 τῆς
158 1186 279 1269 ὑγείας.
325 1180 380 1248 καὶ
409 1184 450 1267 δή
478 1181 533 1248 καὶ
561 1186 599 1249 τὸ
628 1183 711 1270 ὁρᾶν
733 1182 789 1249 καὶ
815 1186 852 1250 τὸ
877 1184 1010 1250 ἀκούειν
1034 1184 1090 1250 καὶ

74 1292 300 1358 αίσθάυεσθαι
322 1287 378 1355 καλ
400 1291 438 1354 τὸ
461 1290 617 1374 παράπαν
642 1295 700 1375 ζήυ
723 1290 880 1375 μέγιστον
902 1288 963 1377 μὲν
986 1293 1089 1357 κακὸν
1105 1314 1131 1354 ιο

72 1400 133 1465 τὸν
158 1399 329 1483 ξύμπαντα
352 1399 476 1481 χρόνον
499 1395 675 1462 ἀθάνατον
704 1399 784 1464 ὄντα
811 1396 867 1463 καὶ
890 1397 1091 1483 κεκτημένον

73 1506 181 1570 πάντα
199 1505 239 1569 τά
259 1505 420 1587 λεγόμενα
435 1502 548 1585 ἀγαθὰ
566 1504 653 1586 πλήν
668 1504 883 1587 δικαιοσύνης
901 1503 956 1570 καὶ
975 1505 1092 1589 ἀρετῆς

74 1611 214 1694 ἀπάσης,
235 1612 372 1674 ἔλαττον
387 1607 433 1692 ὁέ,
454 1607 496 1673 ἀν
510 1608 555 1684 ὡς
574 1608 743 1690 ὀλίγιστον
762 1609 780 1674 ὁ
798 1620 950 1687 τοιοῦτος
968 1615 1092 1695 χρόνον

75 1714 203 1804 ἐπιζῴη.
249 1713 333 1797 λέγω
361 1716 425 1800 γάρ
457 1716 497 1798 ὁή
527 1726 643 1799 σαφῶς
669 1715 710 1779 τά
739 1711 801 1800 μὲν
823 1717 907 1780 κακά
930 1720 1092 1801 λεγόμενα

76 1824 189 1906 ἀγαθὰ
206 1832 277 1899 τοῖς
295 1821 423 1898 ἀδίκοις
444 1816 541 1904 εἶναι,
564 1832 634 1898 τοῖς
657 1818 694 1886 ὁὸ
715 1823 855 1898 ὁικαίοις
877 1823 971 1906 κακά,
995 1825 1035 1887 τά
1054 1821 1091 1889 ὁὸ
1107 1844 1131 1884 15

79 1929 193 2013 ἀγαθά
214 1938 284 2005 τοῖς
307 1923 368 2011 μὲν
392 1928 533 2011 ἀγαθοῖς
558 1928 662 2004 ὄντος
685 1926 807 2011 ἀγαθά,
830 1940 900 2004 τοῖς
924 1925 961 1993 ὁὸ
979 1940 1092 2007 κακοῖς

77 2037 170 2101 κακά.
206 2033 262 2100 καὶ
277 2033 295 2100 ὁ
311 2031 371 2118 μὲν
390 2033 512 2110 ἀὸίκῶς
532 2037 595 2111 ζῶν
609 2032 664 2099 καλ
682 2033 880 2120 ὑβριστικῶς
899 2033 932 2112 ἐξ
947 2034 1093 2119 ἀνάγκης

10 2160 61 2200 ΜΚ
79 2144 222 2228 αίσχρῶς
241 2145 288 2227 ζῇ,
312 2142 343 2206 εί
360 2137 397 2206 ὁὸ
417 2143 570 2227 αἰσχρῶς,
588 2139 643 2206 καλ
661 2152 783 2218 κακῶς·
807 2140 963 2207 ὥστεκαὶ
983 2141 1093 2226 ἀηὸῶς

78 2253 112 2334 ζῇ
136 2247 251 2314 καὶού
271 2247 506 2334 ξυμφερόυτως
525 2245 645 2338 ἑαυτῷ·
669 2249 728 2313 τὸν
748 2249 811 2333 γάρ
831 2249 934 2314 αὑτὸν
954 2251 1092 2332 ήὸισιόν

11 2371 63 2412 ολ
78 2379 113 2421 τε
140 2352 195 2420 καλ
223 2356 360 2438 ἀριστον
391 2353 457 2418 ὑπὸ
489 2361 582 2419 θεῶν
609 2356 686 2437 βίον
718 2353 876 2438 λέγεσθαι
909 2355 1093 2438 φάσκοντες
1107 2376 1134 2415 εο

76 2459 286 2544 ἀληθέστατα
309 2459 460 2544 ἐροῦμεν.
503 2462 534 2524 εί
551 2462 669 2525 τοίνυν
691 2457 746 2524 καὶ
764 2461 805 2524 τά
823 2459 936 2542 ἀγαθά
954 2463 999 2548 τῷ
1018 2459 1089 2527 κατ’

77 2569 198 2655 ἀρετήν
217 2570 279 2655 βίῳ
303 2567 443 2651 μάλιστα
462 2569 675 2652 συνήρτηται,
699 2565 754 2632 καὶ
777 2570 851 2632 τότε
872 2565 963 2633 ἐστὶν
982 2567 1094 2651 ἀγαθά

77 2677 192 2756 ὅντως,
215 2671 270 2739 καὶ
293 2675 330 2738 τὸ
353 2676 482 2758 χαίρειν
505 2683 550 2761 τῷ
571 2680 773 2758 φιλοσοφεῖν
792 2677 884 2761 μόνφ
906 2672 1093 2759 συνέπεται,

76 2783 212 2847 πάντων
236 2780 332 2845 ἕνεκα
355 2781 417 2866 χρή
440 2788 563 2845 τοῦτον
585 2783 646 2846 τὸν
664 2784 740 2863 βίον
761 2787 997 2867 προαιρεῖσθαι
1016 2784 1094 2857 τοὺς

77 2885 306 2971 βουλομένους
329 2888 434 2962 ὄντας
458 2886 680 2970 εὑὸαιμονεῖυ.
1106 2905 1133 2945 τε

166 2992 237 3057 XX.
262 2987 363 3077 Οἶμαι
385 2994 503 3056 τοίνυν
527 2991 588 3056 οὐκ
607 2992 818 3076 ἀνάρμοστον
839 2985 925 3056 εἶναι
944 2991 1093 3056 ἐνταῦθα

76 3096 132 3163 καὶ
146 3100 208 3182 τήν
223 3099 279 3163 ὁιά
292 3109 360 3164 τῶν
373 3097 557 3181 ὑποθηκῶν
574 3099 767 3183 προτροπὴν
781 3099 845 3182 ήὸη
859 3119 928 3175 πως
943 3102 1094 3182 συνεγγί-

79 3209 201 3284 ζουσαυ
230 3206 277 3281 είς
303 3206 364 3287 τήν
392 3204 563 3288 ὑφήγησιν
590 3205 628 3269 τὸ
651 3215 720 3281 πῶς
744 3205 797 3268 ὑεῖ
817 3208 929 3288 βιοῦν,
957 3202 1012 3269 καὶ
1035 3207 1094 3288 μά-

168 3368 184 3416 3
203 3354 258 3416 ῖάν
277 3361 322 3431 (cf.
342 3359 460 3428 Usener,
479 3360 576 3414 Jahrb.
595 3359 614 3415 f.
634 3359 706 3414 Phil.
723 3365 791 3416 1878
811 3377 838 3428 p.
859 3363 903 3430 66)
925 3359 1025 3430 scripsi
1043 3379 1094 3432 pro

79 3462 107 3522 θ’
127 3461 178 3522 ἀνι
197 3461 234 3522 ἀν
251 3467 300 3521 ΡΑ
312 3470 353 3537 ΙΙ4
371 3443 509 3537 μακαριτοη
523 3469 532 3539 {J
546 3471 580 3522 28
598 3463 647 3540 sb]
663 3467 714 3524 τοὺ
733 3466 905 3536 εούρεὶὸὁάι
921 3482 966 3518 εει
981 3467 1114 3528 ουυεηηῖ-

79 3541 184 3603 ζουσαν
202 3537 350 3595 transitive
369 3537 497 3598 dictum?
