2430 3848
308 194 432 251 IAMBL.
451 195 650 251 PROTREPT.
670 195 872 252 SUMMARIA.
1079 197 1100 262 5

83 355 375 442 ἀντιπαραθέσεως
398 357 668 424 έπιδεικνύουσαι
691 360 758 447 ὅσφ
778 361 820 444 δή
838 384 905 425 τινι
923 358 1056 445 προέχει
1079 360 1100 444 ἡ

81 464 219 546 τοιαύτη
238 462 388 549 ἐνέργεια
400 474 469 529 τῶν
488 466 598 531 ἀλλων
615 476 683 531 τῶν
702 467 895 532 δοκούντων
914 466 1101 551 εὐδοκίμων

83 564 170 634 εἶναι
193 573 285 652 βίων.

30 689 73 741 ΙΕ
169 673 248 741 Ἀπὸ
268 685 326 760 τῆς
344 678 495 754 παιδείας
513 676 569 743 καί
587 677 804 755 ἀπαιδευσίας
825 679 845 763 ἡ
864 681 1048 766 προτροπή,
1072 681 1104 744 εί

21 805 70 847 οι
83 783 121 846 τὸ
145 779 207 866 μὲν
230 781 387 866 μέγιστον
409 795 476 849 τῶν
500 783 649 867 ἀγαθῶν,
673 785 709 848 τὸ
734 781 771 850 δὲ
791 797 858 851 τῶν
881 797 993 851 κακῶν
1012 783 1128 869 μέγι-5

84 904 176 971 στου,
202 890 234 953 εί
253 887 310 954 καὶ
333 889 417 954 αὐτά
439 888 477 956 τέ
497 889 567 955 ἔστι
589 900 726 956 τοιαῦτα
749 889 804 956 καὶ
827 893 914 957 ἔοικε
935 893 1102 969 τοιούτοις

83 991 172 1058 τισὶν
191 992 314 1080 ἑτέροις
333 986 449 1083 οἷαπέρ
468 995 559 1062 ἔστιν
578 996 672 1079 αὐτά,
694 994 749 1062 καὶ
769 997 819 1062 δτι
837 1001 1022 1083 φιλοσοφία
1041 995 1103 1083 μέν

83 1101 234 1193 παιδείας
258 1099 349 1166 ἐστὶν
372 1101 517 1186 ἡγεμών,
540 1103 577 1167 τὸ
602 1100 639 1168 δὲ
658 1103 812 1168 έναντιόν
830 1105 984 1191 κατάρχει
1007 1104 1103 1171 ἀπαι-

85 1207 228 1284 δευσίας.

32 1327 85 1379 1F
164 1312 281 1378 ’Ἀλλαι
309 1316 428 1399 ἔφοδοι
457 1314 520 1380 ἀπὸ
549 1324 610 1380 τοῦ
632 1313 748 1393 τέλους
770 1326 827 1400 τῆς
849 1318 1001 1393 παιδείας
1022 1337 1103 1401 προ-
1118 1336 1144 1375 10

83 1417 265 1504 τρέπουσαι
288 1418 341 1485 ἐπὶ
365 1421 426 1503 τὴν
447 1408 592 1506 συγγενῆ
612 1424 695 1507 πρὸς
713 1424 749 1488 τὸ
768 1425 989 1488 παιδεύεσθαι
1008 1429 1103 1507 φιλο-

85 1530 222 1612 σοφίαν,
236 1530 274 1592 τό
288 1551 322 1592 τε
338 1531 437 1615 ἔργον
452 1528 537 1612 ὁμοῦ
548 1538 606 1612 τῆς
617 1531 819 1612 φιλοσοφίας
834 1528 1103 1595 ἐπιδεικνύουσαι

84 1631 141 1698 καὶ
163 1635 225 1717 τὴν
247 1634 330 1718 ὅλην
351 1635 453 1718 αὐτῆς
476 1633 662 1719 ἐπιμέλειαν
680 1633 756 1720 περὶ
774 1637 832 1712 τάς
855 1635 991 1721 ἀρίστας
1014 1635 1104 1722 ἔνερ-

84 1742 177 1822 γείας
202 1750 270 1804 τῶν
292 1749 350 1824 τῆς
372 1750 480 1826 ψυχῆς
504 1741 690 1824 δυνάμεων.

32 1859 73 1911 ΙΖ
171 1844 249 1913 Ἀπὸ
262 1858 331 1912 τῶν
346 1852 497 1912 παλαιῶν
511 1850 622 1931 λόγων
636 1845 691 1912 καὶ
705 1857 773 1912 τῶν
788 1847 887 1932 ίερῶν
901 1847 1023 1932 μύθων
1035 1857 1104 1912 τῶν
1119 1867 1145 1908 15

84 1976 120 2018 τε
144 1954 255 2018 ἀλλων
281 1951 427 2019 καὶτῶν
450 1960 701 2040 Πυθαγορικῶν
728 1953 932 2039 ὑπομνήσεις
955 1957 1002 2031 είς
1024 1976 1105 2039 προ-

84 2060 213 2145 τροπὴν
231 2057 282 2125 ἐπὶ
301 2061 362 2125 τὸν
379 2060 540 2145 σώφρονα
554 2059 610 2125 καὶ
629 2058 764 2146 μέτριον
782 2059 838 2125 καὶ
856 2060 1105 2146 κεκοσμημένον

22 2196 28 2211 1
84 2169 177 2249 βίον·
200 2167 237 2230 αλ
258 2163 295 2233 δέ
319 2164 416 2232 αὐταὶ
440 2168 682 2252 μεταβάλλουσι
704 2169 765 2250 τὴν
785 2167 938 2233 διάνοιαν
956 2168 1051 2252 ἡμῶν
1070 2168 1106 2234 ἐκ

85 2280 147 2337 τοῦ
164 2274 247 2355 πρὸς
265 2275 325 2357 τὴν
340 2273 521 2338 ἀκολασίαν
539 2271 673 2340 καὶτοῦ
693 2275 775 2338 κατά
793 2274 854 2356 τὴν
872 2273 1001 2358 ἡδονὴν
1020 2277 1106 2356 βίου.

31 2392 82 2443 ΙΗ
172 2377 252 2445 Ἀπδ
275 2390 343 2445 τῶν
367 2380 515 2466 ἐναργῶς
537 2377 613 2465 περὶ
635 2380 673 2444 τὸ
695 2389 789 2463 σῶμα
812 2378 1027 2463 φαινομένων
1050 2380 1105 2444 τά-
1120 2401 1146 2439 νο

87 2488 171 2564 ξεων
189 2484 245 2551 καὶ
264 2485 328 2551 ἀπὸ
343 2496 404 2552 τοῦ
420 2484 497 2572 περὶ
511 2486 592 2552 αὐτὸ
611 2489 738 2570 κόσμον
756 2487 839 2551 κατά
857 2486 919 2568 τὴν
939 2484 1106 2569 ἀνάλογον

86 2592 267 2677 μετάβασιν
285 2602 343 2677 τῆς
361 2594 512 2670 διανοίας
526 2591 579 2658 ἐπὶ
593 2594 706 2679 ψυχὴν
721 2596 975 2678 μεταβαίνοντες
991 2593 1106 2657 ποιού-

87 2706 176 2784 μεθα
198 2701 260 2783 τὴν
282 2700 476 2786 προτροπὴν
499 2703 675 2785 γνωρίμως
701 2711 771 2777 τοῖς
794 2699 954 2764 ἀκούουσι
977 2696 1032 2762 καὶ
1054 2720 1107 2762 πι-

87 2811 203 2882 θανῶς
227 2806 283 2870 διά
304 2807 342 2870 τὸ
366 2806 429 2871 ἀπὸ
453 2817 520 2871 τῶν
544 2805 695 2891 ἐναργῶν
719 2805 824 2887 αὐτὴν
847 2802 1009 2886 προϊέναι.

34 2921 77 2974 ΙΘ
174 2908 252 2976 Ἀπὸ
275 2922 344 2976 τῶν
367 2912 404 2978 ἐν
427 2920 465 2998 τῇ
489 2920 579 2998 ψυχῇ
600 2911 739 2995 ἀγαθῶν
758 2912 882 2994 ἔφοδος
901 2912 948 2986 είς
966 2931 1107 2995 προτρο-
1121 2928 1147 2968 ω

88 3018 156 3100 πὴν
182 3017 226 3094 ὡς
254 3019 362 3083 ὄντων
389 3017 602 3102 κυριωτάτων
627 3018 673 3093 είς
696 3016 930 3101 εὐδαιμονίαν,
961 3014 1016 3081 καὶ
1043 3017 1107 3081 ἀπὸ

11 3142 75 3183 ,τι
88 3134 157 3189 τῶν
180 3123 306 3209 ἀρετῶν
330 3124 374 3201 ὡς
393 3123 567 3210 αὐτάρκων
585 3123 808 3208 ὑπαρχουσῶν
826 3123 910 3208 πρὸς
927 3124 987 3187 τὸν
1006 3123 1108 3207 μακά-

90 3253 165 3315 ριον
189 3232 266 3313 βίον
288 3229 309 3313 ἔγ
334 3229 432 3315 δμοία
456 3231 669 3315 παράκλησις.

162 3429 195 3478 12
210 3419 242 3478 τό
257 3443 286 3478 τε
297 3423 347 3478 fol.
358 3428 391 3477 69
400 3425 429 3478 b:
444 3422 477 3479 τό
488 3441 516 3476 τε
529 3423 583 3492 γὰρ
591 3422 618 3475 h.
629 3423 648 3478 l.
663 3422 672 3490 ΙΙ
687 3426 720 3476 15
731 3438 771 3489 sq.
782 3421 839 3475 τῶν
848 3421 892 3492 τε]
902 3421 957 3474 τῶν
969 3438 1022 3477 om.
1033 3421 1061 3475 h.
1073 3422 1089 3476 1.
1101 3421 1110 3493 Η

90 3501 125 3550 16
138 3496 342 3581 πυθαγορρίων
360 3511 389 3582 ρ.
406 3493 620 3562 246,13Kiessl.
639 3495 649 3562 χ
670 3498 702 3547 18
713 3511 752 3561 sq.
772 3487 853 3561 ἡμῶν
872 3489 942 3560 πρὸς
961 3489 1012 3578 τὴρ
1032 3488 1120 3544 dam.

88 3566 139 3622 καὶ
149 3562 199 3621 τὸν
209 3586 283 3621 κατα
293 3585 345 3634 την
354 3567 399 3634 ηδ.
411 3568 474 3638 βίον
483 3567 510 3621 h.
519 3565 538 3621 l.
548 3564 557 3638 Η
567 3570 601 3620 23
612 3563 904 3638 mmmmm&
911 3557 1144 3629 προοτευαὼλ.
