2430 3848
404 170 679 228 εειοειαιεειοοε
699 176 732 244 (0.
748 172 817 241 xv).
1080 174 1122 239 79

105 335 148 401 ἀν
175 335 217 399 τά
245 337 324 400 όντα
353 333 475 412 αὐτοὺς
505 334 694 419 ὀνομάζειν,
722 336 805 422 άπερ
833 335 956 424 ὁρῷενς
985 335 1120 419 ἀνάγκη.

46 462 88 502 ιΚ.
104 444 140 507 τί
156 439 206 520 δ’;
232 443 263 506 εί
278 438 333 506 καὶ
352 440 420 526 ἠχὼ
443 442 481 505 τὸ
506 442 733 526 δεσμωτήριον
752 440 788 505 ἐκ
805 451 866 507 τοῦ
889 438 959 507 κατ’
982 441 1122 527 ἀντικρὺ

104 551 185 632 ἔχοι,
205 546 303 613 ὁπότε
321 570 371 624 τις
388 557 456 611 τῶν
474 549 665 633 παριόντων
683 544 877 630 φθέγξαιτο,
897 553 960 613 οίει
978 548 1021 614 ἀν
1040 551 1120 616 άλλο

103 678 136 719 τι
161 655 282 732 αὐτούς
304 653 460 737 ἡγεῖσθαι
483 655 520 719 τὸ
543 657 779 738 φθεγγόμενον
801 653 821 739 ἣ
845 654 907 738 την
933 665 1122 740 παριοῦσαν

105 761 218 840 σκιάν;
252 757 354 826 οὐδὲν
386 761 476 826 ἀλλο.
522 761 711 826 παντάπασι
744 761 785 845 δη
817 755 879 826 οὖν
911 761 946 825 οί
975 771 1149 828 τοιοῦτοιε

106 867 168 933 ούκ
191 866 233 933 ἀν
255 868 338 933 ἀλλο
360 890 393 932 τι
415 870 582 951 νομίζοιεν
604 869 642 933 τὸ
666 864 789 950 ἀληθές
812 866 832 951 ἣ
856 868 914 944 τάς
935 878 1004 933 τῶν
1027 885 1122 934 σκευ-

106 985 218 1040 αστῶν
241 974 342 1050 σκιάς.
379 975 484 1057 πολλὴ
504 973 640 1058 ἀνάγκη.
679 976 794 1038 σκόπει
813 968 875 1039 οὖν
895 974 1006 1040 αὐτῶν
1024 974 1123 1040 λύσιν

104 1104 141 1146 τε
164 1079 219 1146 καὶ
243 1087 334 1146 ίασιν
356 1091 424 1145 τῶν
446 1103 482 1145 τε
505 1079 638 1163 δεσμῶν
659 1077 716 1145 καὶ
742 1089 801 1164 τῆς
828 1079 1038 1166 ἀφροσύνης,
1069 1082 1123 1146 οἵα

104 1209 157 1264 τις
179 1186 220 1252 ἀν
244 1193 310 1272 εἴη,
340 1188 372 1252 εί
397 1188 497 1271 φύσει
524 1186 635 1251 τοιάδε
665 1185 842 1271 ξυμβαίνοι
870 1185 995 1263 αὐτοῖς·
1025 1187 1123 1252 ὁπότε

105 1317 156 1371 τις
183 1295 303 1377 λυθείη
336 1291 392 1358 καὶ
423 1292 639 1375 ἀναγκάζοιτο
672 1292 829 1377 ἐξαίφνης
859 1292 1064 1359 ἀνίστασθαί
1089 1316 1123 1358 τε
1138 1314 1164 1352 10

104 1397 162 1465 καὶ
189 1399 360 1484 περιάγειν
386 1400 446 1464 τὸν
474 1397 598 1483 αὐχένα
630 1397 685 1465 καὶ
718 1401 866 1483 βαδίζειν
893 1397 948 1464 καὶ
976 1401 1059 1485 πρὸς
1085 1401 1123 1464 τὸ

106 1517 181 1590 φῶς
202 1504 417 1590 ἀναβλέπειν,
444 1506 552 1570 πάντα
576 1502 613 1570 δὲ
636 1516 739 1572 ταῦτα
761 1518 868 1571 ποιῶν
892 1506 991 1588 ἀλγοῖ
1010 1529 1045 1571 τε
1068 1504 1124 1571 καὶ

107 1613 164 1676 διά
195 1613 253 1689 τάς
289 1614 506 1698 μαρμαρυγὰς
542 1611 706 1677 ἀδυνατοῖ
739 1620 892 1697 καθορᾶν
929 1612 1038 1678 ἐκεῖνα
1075 1607 1124 1678 ὧν

106 1721 181 1784 τότε
208 1720 265 1796 τὰς
288 1720 381 1796 σκιάς
405 1718 506 1804 ἑώρα,
536 1721 571 1783 τί
596 1717 638 1783 ἀν
662 1723 725 1783 οίει
748 1718 851 1782 αὐτὸν
874 1719 994 1799 εἰπεῖν,
1023 1723 1124 1795 εἴτις

109 1826 198 1914 αὐτῷ
219 1824 311 1909 λέγοι
330 1826 380 1891 ὅτι
393 1828 468 1890 τότε
487 1821 549 1910 μὲν
564 1823 650 1910 ἑώρα
669 1827 845 1910 φλυαρίας,
864 1833 928 1889 νῦν
947 1820 984 1889 δὲ
998 1827 1124 1908 μᾶλλόν
1139 1842 1165 1882 1⁵

108 1956 141 1998 τι
165 1931 329 2018 ἐγγυτέρω
352 1939 413 1997 τοῦ
436 1933 533 2009 ὄντος
555 1929 609 1997 καὶ
632 1932 715 2018 πρὸς
737 1936 864 2017 μᾶλλον
884 1933 964 1996 ὄντα
987 1954 1124 2016 τετραμ-

46 2056 94 2100 σΔ.
110 2037 210 2125 μένος
246 2040 431 2126 ὀρθότερον
462 2037 594 2123 βλέποι,
630 2036 686 2104 καὶ
721 2040 762 2123 δὴ
799 2035 854 2103 καὶ
886 2037 1025 2103 ἕκαστον
1057 2049 1124 2103 τῶν

108 2149 298 2233 παριόντων
332 2147 464 2222 δεικνὺς
497 2146 585 2233 αὐτῷ
618 2145 796 2229 ἀναγκάζοι
827 2145 961 2230 ἐρωτῶν
989 2143 1124 2229 ἀποκρί-

108 2259 237 2318 νασθαι
260 2253 278 2318 ό
300 2275 332 2317 τι
356 2250 460 2330 ἑστίας
490 2251 551 2317 οὐκ
574 2257 637 2317 οίει
661 2252 764 2316 αὐτὸν
787 2251 925 2337 ἀπορεῖν
946 2275 981 2317 τε
1005 2250 1047 2316 ἀν
1069 2249 1125 2316 καὶ

110 2358 267 2442 ἡγεῖσθαι
294 2360 334 2423 τά
361 2360 434 2423 τότε
458 2358 610 2443 δρώμενα
633 2356 840 2443 ἀληθέστερα
862 2357 882 2441 ἢ
909 2358 1036 2421 τὰνῦν
1060 2358 1125 2422 δει-
1140 2379 1167 2417 ιο

108 2466 272 2550 κνύμενα;
305 2464 437 2540 πάντως
467 2465 584 2548 δήπου.
631 2464 756 2529 οὐκοῦν
784 2461 847 2527 κάν
874 2463 906 2526 εί
935 2463 1017 2547 πρὸς
1044 2461 1125 2526 αὐτὸ

108 2573 148 2637 τὸ
180 2581 252 2654 φῶς
283 2569 462 2653 ἀναγκάζοι
494 2570 596 2635 αὐτὸν
629 2567 779 2654 βλέπειν,
812 2567 925 2651 ἀλγεῖν
952 2591 987 2633 τε
1018 2566 1059 2632 ἀν
1086 2571 1126 2634 τά

112 2679 241 2761 όμματα
271 2675 327 2741 καὶ
358 2677 496 2762 φεύγειν
529 2677 824 2761 ἀποστρεφόμενον
854 2677 937 2760 πρὸς
969 2675 1078 2741 ἐκεῖνα
1106 2675 1126 2740 ιλ

46 2800 97 2842 εκ.
113 2783 253 2849 δύναται
271 2790 439 2870 καθορᾶν,
466 2782 522 2848 καὶ
548 2786 696 2868 νομίζειν
721 2791 825 2847 ταῦτα
851 2790 897 2868 τῷ
926 2782 999 2846 όντι
1024 2781 1125 2864 σαφέ-

112 2906 212 2977 στερα
244 2901 312 2955 τῶν
345 2888 588 2974 δεικνυμένωνς
625 2890 656 2954 εί
691 2885 728 2953 δὲ
759 2887 919 2953 ἐντεῦθεν
955 2886 1045 2951 ἕλκοι
1076 2911 1125 2965 τις
1140 2908 1166 2948 τε

112 2996 216 3061 αὐτὸν
253 2997 310 3084 βίηι
348 2997 404 3062 διά
439 2998 591 3081 τραχείας
627 3003 684 3079 τῆς
716 2993 907 3077 ἀναβάσεως
938 2991 993 3059 καὶ
1025 2994 1126 3060 ἀνάν-

113 3124 202 3184 τους,
226 3098 281 3166 καλ
304 3102 348 3186 μη
372 3101 465 3186 ἀνείη
488 3099 569 3188 πρὶν
590 3100 792 3180 ἐξελκύσειεν
816 3102 863 3177 είς
885 3101 922 3164 τὸ
945 3110 1005 3166 τοῦ
1028 3100 1126 3184 ἡλίου

114 3219 197 3294 φῶς,
221 3208 415 3275 ὀδυνᾶσθαί
433 3231 467 3273 τε
490 3207 532 3272 ἀν
554 3205 609 3274 καὶ
632 3208 830 3291 ἀγανακτεῖν
855 3206 1047 3292 έλκόμενον;
1071 3206 1125 3273 καὶ

206 3479 222 3528 8
241 3471 288 3529 ολα
307 3475 316 3544 ΙΙ
336 3479 351 3528 9
371 3470 398 3527 εί
414 3471 474 3528 PA:
494 3470 510 3544 ἡ
530 3475 539 3543 ΙΙ
558 3477 592 3526 14
612 3473 657 3543 οίη
703 3477 740 3528 λυ
760 3465 839 3546 αύτῷ
852 3471 923 3526 He.
941 3465 1091 3534 amm
1111 3463 1153 3514 πὶ

118 3542 178 3599 τότε
190 3543 252 3599 PA:
270 3543 307 3599 τά
323 3563 353 3599 τε
364 3547 378 3614 β
391 3550 425 3601 27
444 3540 482 3602 ἀν
501 3547 548 3618 είη
561 3548 572 3620 ΙΙ
586 3550 623 3604 28
642 3545 726 3624 (αρα
743 3542 835 3620 ούηλ)
853 3539 1032 3601 ism-amm
1048 3529 1176 3596 mst-
