2430 3848
141 155 184 219 68
549 151 740 207 IAMBLIOHI

140 340 253 392 τοντες
277 319 365 397 ζῶσι,
388 316 517 400 χαίρειν
541 316 687 390 εἰπόντες
711 314 752 379 οὐ
774 315 856 378 κατὰ
876 315 916 378 τὰ
934 314 1018 378 αὐτὰ
1035 315 1158 401 πορεύ-
1171 338 1207 378 ια

142 446 235 488 ονται
260 421 387 504 αὐτοῖς,
412 420 456 497 ὡς
480 421 541 485 ούκ
564 422 690 485 εἰδόσιν
713 420 777 506 ὅπη
805 422 974 505 ἔρχονται,
998 419 1095 486 αὐτοὶ
1121 419 1158 487 δέ

140 528 323 613 ἡγούμενοι
347 528 388 594 ού
412 528 484 592 δεῖν
502 526 636 592 ἐναντία
658 535 697 611 τῇ
720 529 904 614 φιλοσοφία
922 526 1077 612 πρύττειν
1101 527 1158 593 καὶ

141 643 180 720 τῇ
213 635 341 719 ἐκείνης
368 634 461 699 λύσει
492 656 527 698 τε
559 631 615 699 καί
647 640 809 721 καθαρμῷ
843 634 946 719 ταύτῃ
963 632 1157 729 ,τρέπονται

115 741 251 828 5ἐκείνη
285 740 458 825 ἑπόμενοι,
494 730 515 824 ᾖ
554 738 662 823 ἐκείνη
700 739 885 824 ὑφηγεῖται.
930 741 1157 823 γιγνώσκουσι

142 849 205 933 γὰρ
230 848 266 912 οί
285 852 486 932 φιλομαθεῖς
508 846 559 910 ὅτι
577 850 816 930 παραλαβοῦσα
836 846 947 911 αὐτῶν
965 847 1026 929 τὴν
1045 851 1158 932 ψυχὴν

141 953 162 1036 η
187 956 370 1039 φιλοσοφία
393 953 537 1038 ἀτεχνῶς
560 951 799 1036 διαδεδεμένον
823 950 860 1017 ἐν
882 959 928 1040 τῷ
952 953 1079 1037 σώματι
1102 953 1157 1019 καὶ

142 1058 491 1144 προσκεκολλημένην,
518 1057 788 1143 ἀναγκαζομένην
817 1054 854 1123 δὲ
877 1060 987 1145 ὥσπερ
1012 1057 1055 1124 δι’
1084 1059 1157 1147 ἕργ-

143 1175 208 1251 μοῦ
237 1168 292 1232 διδι
320 1168 441 1232 τούτου
470 1172 668 1231 σκοπεῖσθαι
695 1167 735 1229 τά
765 1166 846 1230 ὄντα
874 1165 956 1230 ἀλλά
983 1168 1027 1251 μὴ
1052 1167 1158 1250 αὐτὴν
1172 1185 1213 1228 τοι

103 1290 129 1330 10
145 1270 189 1337 δι’
217 1273 331 1356 αὐτῆς,
364 1271 419 1337 καὶ
452 1271 489 1337 ἐν
516 1272 604 1356 κνίση
633 1271 762 1358 ἀμαθία
788 1271 1070 1357 κυλινδουμένην,
1102 1273 1160 1339 καὶ

142 1387 203 1442 τοῦ
222 1375 347 1460 έργμοῦ
366 1378 427 1460 τὴν
448 1379 620 1460 δεινότητα
639 1379 821 1442 κατιδοῦσα
840 1377 891 1442 ὅτι
911 1375 955 1443 δι’
978 1377 1160 1463 ἐπιθυμίας

144 1483 249 1564 ἐστίν,
278 1483 323 1558 ὡς
351 1481 392 1546 ἀν
421 1483 561 1567 μάλιστα
590 1482 689 1559 αὐτὸς
717 1482 735 1548 δ
762 1481 937 1567 δεδεμένος
964 1482 1158 1571 ξυλληπτωρ

144 1595 194 1673 είη
225 1597 271 1676 τῷ
305 1587 479 1672 δεδέσθαι,
507 1625 544 1636 —
572 1589 653 1675 ὅπερ
686 1583 747 1654 οὖν
777 1587 879 1673 λέγω,
912 1591 1160 1674 γιγνώσκουσιν

144 1696 181 1761 οἱ
209 1701 410 1781 φιλομαθεῖς
442 1697 493 1761 ὅτι
531 1696 617 1761 ούτω
654 1698 891 1782 παραλαβοῦσα
923 1697 944 1779 η
975 1700 1160 1782 φιλοσοφία

104 1820 130 1861 15
145 1804 287 1886 ἔχουσαν
321 1801 431 1867 αὐτῶν
461 1803 523 1885 τὴν
550 1803 660 1885 ψυχὴν
693 1800 798 1885 ἠρέμα
829 1809 1074 1888 παραμυθεῖται
1104 1803 1161 1870 καὶ

145 1909 239 1973 λύειν
263 1909 430 1994 ἐπιχειρεῖ,
454 1904 691 1993 ἐνδεικννμένη
715 1908 766 1972 ὅτι
789 1907 914 1992 ἀπάτης
932 1906 1037 1994 <μέν>
1057 1912 1159 1995 μεστὴ

144 2014 165 2097 η
195 2015 250 2078 διδι
281 2024 349 2078 τῶν
381 2013 538 2097 ὀμμάτων
568 2012 697 2097 σκέψις,
731 2011 856 2098 ’ἀπύτης
889 2011 925 2080 δέ
955 2016 975 2100 ἡ
1004 2017 1060 2081 διά
1092 2030 1160 2084 τῶν

145 2121 240 2184 ὤτων
272 2116 328 2184 καὶ
365 2129 432 2183 τῶν
464 2120 574 2184 ἀλλων
607 2121 814 2204 αἰσθήσεων,
851 2124 1018 2189 πείθουσα
1056 2120 1092 2189 δὲ
1126 2125 1162 2190 ἐκ

145 2224 274 2289 τούτων
302 2220 363 2308 μέν
391 2224 577 2311 ἀναχωρεῖν
606 2226 687 2291 ὅσον
710 2227 753 2310 μη
786 2227 912 2312 ἀνύγκη
941 2229 1055 2307 αὐτοῖς
1081 2239 1161 2316 χρῆ-

107 2352 134 2392 εο
148 2337 241 2415 σθαι,
261 2330 366 2415 αὐτὴν
386 2327 423 2396 δὲ
442 2333 489 2408 εἰς
508 2332 614 2416 αὑτὴν
629 2331 847 2417 ξυλλέγεσθαι
865 2331 921 2400 καί
940 2335 1161 2421 ἀθροίζεσθαι

145 2435 450 2522 παρακελευομένη,
488 2440 656 2504 πιστεύειν
689 2437 725 2505 δέ
758 2440 878 2524 μηδενὶ
909 2442 997 2530 ἀλλφ
1032 2439 1103 2508 ἀλλ’
1138 2442 1212 2527 ἢτοῦ

147 2545 251 2628 αὐτὴν
284 2543 382 2626 αὑτῇ,
414 2543 432 2607 ὅ
459 2567 491 2609 τι
520 2544 561 2609 ἀν
584 2548 689 2631 νοήση
720 2547 803 2630 αὐτη
836 2544 914 2612 καθ’
946 2548 1050 2632 αὐτὴν
1079 2549 1160 2615 αὐτὸ

146 2646 225 2713 καθ’
253 2648 334 2712 αὑτὸ
362 2658 430 2713 τῶν
454 2650 578 2732 ὄντων,
607 2651 625 2714 ὅ
652 2675 684 2715 τι
713 2647 743 2715 δ’
770 2651 812 2716 ἀν
840 2651 884 2718 δι’
915 2655 1026 2719 ἀλλων
1054 2662 1161 2740 σκοπῇ

147 2755 184 2822 ἐν
208 2757 319 2830 ἀλλοις
343 2754 383 2818 δν
405 2756 502 2838 ἀλλο,
531 2752 636 2840 μηδὲν
663 2756 820 2840 ἡγεῖσθαι
848 2759 984 2843 ἀληθές·
1013 2755 1099 2827 εἶναι
1124 2758 1161 2826 δὲ

108 2881 133 2922 π
148 2864 185 2927 τὸ
209 2858 270 2946 μὲν
292 2869 447 2925 τοιοῦτον
471 2863 635 2946 αἰσθητόν
658 2887 693 2928 τε
720 2861 775 2928 καὶ
803 2864 940 2950 ὁρατόν,
969 2866 986 2931 δ
1016 2864 1052 2931 δὲ
1077 2867 1160 2951 αὐτὴ

146 2967 210 3055 ὁρᾶ
233 2969 357 3050 νοητόν
383 2991 418 3032 τε
445 2966 501 3033 καὶ
528 2968 644 3046 ἀειδές.
689 2972 791 3056 ταύτη
821 2966 883 3036 οὖν
911 2981 949 3057 τῇ
977 2974 1071 3039 λύσει
1099 2973 1162 3038 οὐκ

148 3072 284 3158 οἰομένη
317 3074 389 3137 δεῖν
420 3072 659 3139 ἐναντιοῦσθαι
685 3075 705 3159 ἡ
734 3085 795 3141 τοῦ
829 3077 873 3153 ὡς
905 3077 1039 3163 ἀληθῶς
1066 3083 1162 3163 φιλο-

148 3183 258 3264 σόφον
281 3179 370 3261 ῦυχη
395 3180 499 3255 οὕτως
528 3179 679 3265 ἀπέχεται
706 3193 773 3248 τῶν
796 3182 930 3265 ἡδονῶν
952 3207 987 3248 τε
1013 3182 1069 3250 καὶ
1093 3184 1162 3250 ἐπι-

149 3340 362 3351 ¹...—.----—--

169 3515 175 3525 .
200 3515 205 3525 ¹
238 3439 368 3525 ῦνέκείνη
387 3443 536 3530 οῖτροληοε
549 3447 589 3514 ss8
608 3447 637 3531 ομ
656 3451 688 3529 ,¹¹
710 3443 825 3532 εζρχμοῦ
840 3446 862 3499 Ρ
875 3449 889 3536 χ
900 3453 933 3501 16
952 3447 1004 3514 μὲν
1023 3449 1092 3534 σεξ
1112 3450 1162 3503 ad·

141 3515 218 3566 τίιιίιί
233 3515 259 3566 λι
270 3517 288 3582 ff
297 3519 335 3568 20
352 3512 395 3577 είς
413 3535 504 3587 αντην
518 3517 528 3586 Η
542 3520 576 3570 22
596 3517 683 3588 αντη]
701 3537 773 3586 αντη
792 3521 805 3588 λλ
819 3524 853 3572 26
872 3517 967 3580 αειδές
986 3519 1044 3574 PA:
1065 3519 1160 3587 αηδές.
