2430 3848
428 175 701 234 PROTREPTICUS
720 181 755 246 (ε.
771 179 816 249 v).
1085 180 1126 243 27

110 339 178 422 ἀμα
195 341 233 403 τό
252 360 287 402 τε
305 348 415 404 ποιεῖν
434 336 490 403 καί
507 340 543 404 τὸ
563 339 762 406 ἐπίστασθαι
780 341 835 407 καὶ
853 348 999 426 χρῆσθαι
1020 343 1126 430 τούτῳ

48 444 130 508 ιΚδ
154 443 196 509 ἀν
218 447 349 529 ποιηση.
388 447 423 509 εί
438 447 555 510 τοίνυν
574 448 611 510 αί
630 443 692 530 μὲν
714 449 811 513 ἀλλαι
828 457 931 513 πᾶσαι
954 446 1127 533 ἐπιστῆμαι

108 553 310 634 δηριντικαί
323 549 411 627 τινές
430 551 494 615 είσι
511 550 567 616 καὶ
580 551 881 635 παρασκευαστικαὶ
894 563 962 617 τῶν
976 552 1125 637 ἀγαθῶν,

109 660 194 742 μόνη
224 654 261 722 δὲ
288 658 309 741 ἡ
336 655 431 723 τελέα
460 658 656 742 δικαιοσύνη
685 658 739 724 καὶ
768 663 932 745 φρόνησις
960 661 1023 742 τὴν
1052 658 1122 725 κατ’

109 764 205 843 ἀξίαν
224 773 343 849 χρῆσιν
359 773 535 829 ποιοῦνται
554 763 679 853 ἑκάστῳ
698 765 752 831 καὶ
776 765 983 852 ἀναφέρουσι
1002 767 1153 850 ταύτηυσ

108 872 191 956 πρὸς
218 871 278 935 τὸν
305 869 452 955 ἡγεμόνα
480 879 579 954 νοῦν,
614 872 696 955 αὕτη
730 871 772 937 ἀν
799 879 853 956 είη
887 868 926 956 ἧς
956 873 1009 938 δεῖ
1039 872 1125 939 ἀντι-

108 982 288 1041 ποιεῖσθαι.
334 975 389 1041 καί
416 978 479 1062 γδιρ
507 979 544 1042 τὸ
572 983 716 1061 θεωρεῖν
743 977 798 1043 καί
826 982 954 1064 κρίνειν
982 979 1018 1044 ἐν
1042 979 1124 1065 αὑτῇ

109 1081 252 1167 ἔχεικαὶ
275 1084 331 1159 τὰς
356 1082 456 1168 ἀρχὰς
480 1085 546 1167 ἔχει
568 1093 626 1167 τῆς
649 1082 756 1167 ὀρθῆς
782 1087 929 1168 χρήσεως
955 1096 1023 1149 τῶν
1046 1085 1125 1168 ἀγα-

109 1196 194 1272 θῶν,
218 1185 257 1273 ἧς
274 1191 430 1272 τυχόντες
452 1193 561 1265 καλῶς
584 1188 699 1253 ἀνιὸν
718 1188 891 1255 ἐπίλοιπον
909 1193 985 1273 βίον
1005 1189 1124 1269 διεξέλ-

48 1313 92 1357 rA.
107 1302 237 1381 δοιμεν.
283 1295 419 1378 τοιαύτη
443 1297 493 1371 τίς
515 1295 607 1360 ἐστιν
629 1295 649 1379 ἡ
674 1294 710 1361 ἐκ
727 1304 784 1380 τῆς
807 1298 980 1384 <πρύτης>
1004 1297 1123 1383 διαιρέ-
1140 1315 1165 1353 10

108 1419 191 1479 σεως
213 1402 433 1488 προτρεπτικη
458 1402 589 1486 ἔφοδος.

108 1496 111 1501 ’
188 1507 290 1592 ’Ἁλλη
316 1507 355 1572 δέ
376 1508 445 1573 ἐστι
467 1510 556 1592 παρδι
580 1508 693 1586 αὐτοῖς
717 1512 853 1595 τοιαύτη
878 1513 1051 1597 διαίρεσις·
1080 1511 1124 1588 ὡς

108 1617 177 1680 ἔστι
204 1613 265 1699 μέν
294 1639 325 1678 τι
352 1615 441 1699 ψυχὴ
470 1616 539 1679 ἔστι
567 1614 607 1679 δέ
632 1639 663 1680 τι
691 1627 785 1701 σῶμα
812 1616 849 1682 ἐν
876 1616 971 1701 ἡμῖν,
1003 1615 1058 1682 καὶ
1085 1620 1122 1683 τὸ

107 1718 169 1805 μὲν
197 1722 289 1806 ἀρχει
317 1723 354 1786 τὸ
384 1717 421 1785 δὲ
453 1722 600 1806 ἀρχεται,
633 1719 688 1786 καὶ
714 1722 753 1785 τὸ
785 1720 847 1806 μὲν
879 1733 995 1807 χρῆται
1022 1725 1059 1787 τὸ
1089 1720 1119 1787 δ’

107 1825 177 1892 ἐστὶ
204 1836 357 1892 τοιοῦτον
388 1818 461 1905 οἷον
490 1817 516 1915 ᾧ
544 1835 676 1912 χρῆται,
707 1827 762 1892 καὶ
790 1828 827 1891 τὸ
855 1824 916 1911 μὲν
942 1834 1040 1893 θεῖον
1068 1827 1122 1892 καὶ
1138 1847 1163 1886 15

107 1933 239 2017 ἀγαθὸν
266 1931 321 1998 καὶ
349 1935 555 1999 οἰκειότατον
577 1933 673 2019 ἡμῖν,
701 1935 738 2000 τὸ
769 1931 805 1999 δὲ
828 1935 935 2011 ἄλλως
959 1951 1123 2019 συνηρτη-

106 2038 210 2123 μένον
233 2040 417 2126 ὑπουργίας
440 2041 531 2116 τινὸς
553 2039 649 2106 ἕνεκα
676 2040 731 2105 καὶ
754 2044 865 2127 χρείας
889 2041 1048 2125 ἐχόμενον
1066 2050 1123 2124 τῆς

107 2148 154 2222 εἰς
176 2148 236 2211 τὸν
259 2147 375 2212 κοινὸν
398 2149 474 2229 βίον
497 2146 556 2210 τὸν
576 2146 801 2231 ἀνθρώπινον.
849 2150 903 2212 δεῖ
922 2150 1040 2212 τοίνυν
1062 2156 1123 2212 τοῦ

106 2253 267 2337 ἄρχοντος
286 2256 413 2335 μᾶλλον
432 2251 514 2316 ἀλλὰ
533 2253 576 2335 μὴ
596 2261 657 2316 τοῦ
671 2251 868 2336 ἀρχομένου,
887 2251 942 2317 καί
957 2262 1017 2318 τοῦ
1030 2259 1122 2318 θειο-

105 2356 206 2443 τέρου
224 2355 279 2422 καί
299 2356 500 2443 οίκειοτέρου
519 2358 599 2442 ἡμῖν
618 2358 700 2422 ἀλλὰ
722 2359 766 2441 μη
786 2366 846 2422 τοῦ
863 2357 1121 2443 καταδεεστέραν
1136 2377 1162 2416 20

106 2463 345 2548 ἐπιμελεῖσθαι.

48 2590 90 2629 rx.
200 2571 310 2656 Ταύτῃ
335 2565 366 2635 δ’
394 2569 462 2635 ἐστὶ
485 2574 697 2657 παραπλησία
720 2570 855 2653 τοιαύτη
880 2572 1054 2654 διαίρεσις·
1078 2571 1122 2647 ὡς

104 2683 200 2760 τριχῇ
227 2677 268 2740 τὰ
296 2675 437 2762 ἡμέτερα
464 2677 570 2742 πάντα
594 2673 763 2763 διῄρηται,
791 2682 838 2753 είς
865 2701 900 2742 τε
927 2678 1038 2762 ψυχὴν
1067 2676 1120 2743 καὶ

105 2790 201 2865 σῶμα
229 2779 285 2846 καὶ
312 2783 353 2846 τδι
382 2791 443 2846 τοῦ
472 2782 633 2866 σώματος·
666 2785 795 2848 τούτων
828 2777 865 2846 δέ
896 2784 936 2846 τὰ
963 2782 1024 2865 μέν
1052 2783 1121 2847 ἐστι

105 2896 229 2972 πρῶτα,
253 2887 293 2951 τδι
318 2883 354 2951 δὲ
374 2888 522 2973 δεύτερα,
545 2889 585 2952 τὰ
605 2884 641 2953 δὲ
658 2891 766 2972 τρίτα·
789 2884 843 2952 καὶ
861 2888 1121 2973 προηγουμένως
1135 2905 1161 2946 25

140 3054 142 3058 ’
196 3085 262 3147 req.
281 3075 357 3148 ης-
369 3077 576 3152 ειεειιειιμεη
597 3078 631 3134 α.
651 3080 722 3135 prat.
743 3081 864 3150 ταίγε.
884 3099 911 3150 p.
927 3086 979 3135 ιιι
991 3081 1021 3134 Α.

198 3263 212 3310 1
232 3252 403 3311 ἐπίστασθαι
421 3273 454 3310 ex
470 3258 492 3311 P
512 3255 623 3326 scripsi:
642 3261 789 3312 ποιεῖσθαι
803 3259 842 3326 ssb
863 3253 982 3312 ἑκάστου
998 3257 1097 3311 Vitelli
1110 3257 1120 3330 Η

106 3334 122 3382 7
143 3323 175 3382 ἐν
190 3323 278 3398 ἑαυτῇ
294 3323 376 3398 (αὐτῇ
393 3328 500 3398 scripsi)
516 3328 675 3397 scripsihK:
691 3325 796 3397 ἑαυτὴν
810 3329 819 3408 fl
835 3334 868 3381 10
882 3327 993 3398 πρώτης
1006 3327 1076 3398 (scil.
1087 3327 1120 3395 A,

104 3397 182 3466 quod
200 3398 278 3452 facili
297 3415 389 3453 errore
403 3398 508 3453 excidit
521 3403 586 3454 ante
602 3401 638 3468 Δ)
658 3398 768 3453 addidit
782 3398 894 3453 Vrtelli:
912 3395 1064 3468 <ταύττηὴ
1076 3400 1134 3460 τῆς

104 3470 258 3538 scripserat
274 3469 312 3523 K:
330 3469 421 3539 possis
440 3469 526 3526 etiam
545 3468 677 3550 (τῆσδε)
697 3472 776 3544 riri
790 3476 826 3528 iz
849 3467 900 3542 μὲν
922 3490 952 3522 τι
969 3462 1157 3533 εοδρδκκῑι

98 3538 198 3608 μέντοι
207 3541 225 3607 γ
234 3545 269 3593 16
286 3538 348 3596 olor
365 3534 404 3615 ᾦ]
422 3543 473 3615 offro
495 3543 614 3619 scripsit
633 3545 762 3606 fortasse
780 3546 867 3602 τουτο
881 3543 924 3597 K.
