2430 3848
376 163 650 247 νεοταεετιοοε
669 166 704 234 (ε.
719 163 789 234 xx).
1046 166 1089 232 οι

73 328 313 414 ὀλιγοχρονίοις
331 324 384 392 ἐπὶ
407 325 500 404 τέλος
523 325 671 410 ἀγαγεῖν,
696 327 779 392 ἀλλὰ
801 330 1037 413 συντραφῆναί
1055 351 1091 394 τε

73 433 158 519 αὐτῇ
183 434 235 499 δεῖ
252 431 308 500 καὶ
327 430 582 517 συναυξηθῆναι
599 442 667 499 τῶν
685 430 747 518 μέν
766 435 962 519 εἰργόμενον
979 444 1091 500 κακῶν

73 537 130 606 καὶ
152 542 265 623 λόγων
286 536 343 605 καὶ
364 538 476 622 ἠθῶν,
506 540 547 604 τά
575 537 605 605 δ’
633 538 872 623 ἐπιτηδεύοντα
897 537 954 605 καὶ
978 562 1091 627 κατερ·

73 648 260 731 γαζόμενον
291 647 355 711 σὺν
381 649 495 732 πολλῷ
523 648 635 733 χρόνῳ
656 642 713 710 καὶ
736 644 911 732 ἐπιμελείᾳ.
959 644 1026 730 ἀμα
1055 645 1096 736 δέ

73 775 125 828 τις
155 750 212 817 καὶ
243 759 284 838 τῇ
316 750 350 831 ἐξ
383 751 500 835 ὀλίγον
531 754 658 838 χρόνον
690 751 825 838 εὐδοξία
856 754 1119 838 προσγίγνεταιι

76 858 183 942 βλάβη
215 858 343 924 τοιάδε·
379 861 458 935 τοὺς
488 858 552 943 γάρ
590 854 788 935 ἐξαπιναίως
821 854 878 922 καί
910 856 943 937 ἐξ
976 857 1093 942 ὀλίγον

75 965 202 1050 χρόνον
224 963 245 1048 ἢ
267 965 450 1041 πλουσίους
472 962 492 1048 ἣ
517 965 645 1048 σοφοὺς
663 962 683 1047 ἢ
703 961 893 1048 ἀγαθοὺςῆ
917 963 1094 1052 ἀνδρείους

76 1068 280 1153 γενομένους
307 1069 369 1136 οὐκ
396 1069 618 1155 ἀποδέχονται
640 1067 748 1153 ἡδέως
777 1070 812 1135 οί
837 1071 1023 1157 ἀνθρωττοι.
1064 1073 1096 1137 εί

77 1177 119 1260 δὴ
143 1184 246 1242 ταῦτα
269 1175 380 1261 ἀληθῆ
404 1175 560 1261 λέγομεν,
582 1172 639 1240 καὶ
662 1174 723 1261 οὐχ
747 1168 821 1242 οἷόν
843 1199 879 1242 τε
902 1179 1010 1254 άλλως
1031 1178 1094 1261 τὴν

36 1299 64 1342 A.
79 1280 257 1367 ὁμοιότητα
281 1293 349 1347 τῶν
367 1282 464 1366 ἠθῶν
485 1279 596 1347 καὶτὸ
620 1280 758 1366 βέβαιον
776 1280 888 1348 καὶτὸ
907 1282 1094 1368 ἀμετάπτω-
1108 1305 1134 1343 ιο

78 1412 139 1454 τον
159 1390 427 1474 παραγίγνεσθαι
444 1387 465 1472 ἣ
486 1389 542 1453 διά
560 1391 665 1473 μόνης
685 1392 898 1474 φιλοσοφίας,
922 1387 1093 1456 καὶτοῦτο

79 1491 185 1580 σαφές
206 1492 346 1578 γέγονεν
369 1494 405 1560 έκ
431 1495 577 1578 τούτων,
600 1495 655 1578 ῶς,
680 1496 711 1560 εί
732 1499 940 1580 βουλοίμεθα
963 1498 1095 1574 τελείως

79 1598 203 1685 ἀγαθοὶ
232 1599 393 1684 γενέσθαι
420 1601 568 1676 εὐκλείας
597 1622 633 1664 τε
660 1598 716 1666 καὶ
744 1601 960 1685 εὐδαιμονίας
991 1603 1096 1680 ὄντας

79 1709 286 1792 μεταλαβεῖν,
306 1706 368 1772 οὐκ
387 1707 468 1772 ἀλλο
484 1730 517 1772 τι
530 1704 695 1792 πρακτέον
708 1704 789 1791 ἡμῖν
802 1704 823 1790 ἢ
838 1707 1096 1792 φιλοσοφητέον.

159 1811 233 1878 Ἔτι
263 1814 382 1879 τοίνυν
411 1810 467 1878 καί
498 1812 559 1896 ἥδε
586 1811 607 1896 η
635 1816 830 1898 παραίνεσις
860 1810 913 1879 ἐπὶ
942 1816 980 1879 τὸ
1014 1813 1095 1879 αὐτὸ
1111 1834 1136 1874 15

79 1918 175 1997 τέλος
197 1916 303 2005 φέρει,
327 1919 382 2002 ὡς,
406 1919 487 1984 ὅταν
509 1941 559 1996 τις
577 1917 736 2013 ὀρεχθείς
746 1940 840 1996 τινος
859 1928 959 1985 τοῦτο
982 1943 1097 2004 κατερ-

80 2025 268 2110 γασάμενος
299 2027 356 2111 ἔχη
389 2024 471 2089 αὐτὸ
503 2025 551 2102 είς
581 2023 690 2108 τέλος,
728 2024 786 2091 έάν
821 2048 857 2090 τε
890 2025 1097 2109 εὐγλωσσίαν

81 2132 141 2198 έάν
172 2155 207 2197 τε
235 2133 360 2216 σοφίαν
389 2129 448 2197 έάν
476 2153 511 2195 τε
544 2132 656 2216 ἰσχύν,
689 2132 796 2222 τούτῳ
827 2133 874 2208 είς
901 2131 1015 2215 άγαθά
1043 2131 1098 2198 καὶ

81 2242 206 2323 νόμιμα
227 2244 459 2323 καταχρῆσθαι
482 2238 547 2302 δεῖ·
576 2239 607 2302 εί
624 2235 661 2303 δὲ
685 2238 732 2314 είς
750 2239 849 2304 ἀδικά
866 2261 902 2304 τε
919 2236 976 2304 καὶ
989 2241 1098 2325 ἀνομα

81 2347 241 2431 χρήσεταί
263 2368 314 2421 τις
340 2351 386 2432 τῷ
411 2343 595 2429 ὑπάρχοντι
618 2342 752 2430 ἀγαθῷ,
779 2343 915 2409 πάντων
941 2344 1098 2411 κάκιστον
1112 2364 1139 2404 ιο

82 2447 170 2518 εἶναι
196 2452 235 2516 τὸ
257 2459 413 2516 τοιοῦτον
435 2447 491 2515 καὶ
519 2450 650 2515 ἀπεῖναι
677 2459 833 2534 κρεῖσσον
861 2448 941 2515 αὐτὸ
968 2449 989 2534 η
1016 2471 1099 2537 παρ-

30 2568 183 2624 ῖΚεῖναι·
215 2555 270 2623 καί
301 2557 412 2639 ὥσπερ
445 2555 572 2638 ἀγαθὸς
602 2553 721 2633 τελέως
748 2555 765 2622 ὁ
793 2556 922 2622 τούτων
951 2579 983 2621 τι
1014 2559 1099 2641 ἔχων

81 2668 231 2749 γίγνεται
264 2664 312 2741 είς
343 2663 384 2728 τά
420 2662 532 2746 ἀγαθά
564 2662 677 2739 αὐτοῖς
708 2664 974 2750 καταχρώμενος,
1008 2652 1098 2731 οὕτω

83 2771 186 2837 πάλιν
217 2769 385 2853 πάγκακος
416 2768 535 2844 τελέως
562 2767 581 2833 δ
612 2771 659 2845 είς
689 2770 730 2834 τὰ
761 2771 892 2855 πονηρά
922 2771 1100 2855 χρώμενος.

83 2880 142 2943 τόν
165 2899 201 2942 τε
224 2871 267 2942 αὖ
290 2876 407 2962 ἀρετῆς
435 2874 637 2960 ὀρεγόμενον
659 2884 717 2957 τῆς
745 2875 918 2958 συμπάσης
940 2875 1098 2942 σκεπτέον
1113 2893 1138 2934 25

86 2977 184 3066 εἶναι,
203 2982 239 3048 ἐκ
257 2985 349 3059 τίνος
367 2980 409 3046 ἀν
424 2983 527 3064 λόγου
546 2979 566 3064 ἢ
582 2983 682 3067 έργου
701 2982 835 3067 ἀριστος
858 2985 923 3065 εἴη·
950 2991 1100 3060 τοιοῦτος

87 3086 116 3152 δ’
144 3085 188 3153 ἀν
212 3093 262 3171 είη
287 3086 306 3152 δ
328 3089 494 3162 πλείστοις
518 3084 684 3171 ὠφέλιμος
707 3087 764 3152 ῶν.
811 3088 842 3151 εί
867 3085 928 3172 μέν
950 3111 1000 3166 τις
1022 3093 1100 3176 χρη-

88 3216 172 3278 ματα
205 3194 321 3270 διδοὺς
353 3192 560 3278 εὐεργετήσει
592 3195 669 3269 τοὺς
698 3196 855 3276 πλησίον,
889 3195 1100 3279 ἀναγκασθη-

89 3314 179 3364 σεται
209 3301 310 3377 κακὸς
340 3294 427 3365 εἶναι
457 3299 558 3364 πάλιν
590 3293 633 3363 αὖ
666 3297 837 3382 συλλέγων
868 3301 909 3365 τά
939 3303 1100 3387 χρήματα·

177 3533 211 3582 28
229 3512 395 3599 εάεργετῆἨ
408 3533 444 3584 29
462 3523 552 3584 εἶναι·
573 3522 663 3585 πάλιν
684 3519 735 3586 υἷι.

129 3623 264 3665 numam
275 3627 415 3674 Ριιοτειιντ.
972 3615 992 3660 ’δ
