2430 3848
142 185 206 250 104
552 183 744 241 IAMBLIOHI

141 345 182 412 ού
203 347 268 432 γὰρ
292 339 365 412 οἷόν
387 368 423 412 τε
441 346 644 432 ἀνθρώπους
661 348 743 412 ἀνευ
764 348 881 431 νόμων
902 344 958 412 καὶ
977 347 1072 430 δίκης
1091 349 1155 429 ζην.

141 453 222 517 ὅταν
245 447 308 518 οὖν
330 461 434 519 ταῦτα
457 454 498 518 τὰ
521 453 584 520 δύο
608 454 644 519 ἐκ
665 461 728 519 τοῦ
749 455 902 538 πλήθους
924 451 1057 538 ἐκλίπη,
1081 452 1097 516 ό
1121 473 1156 517 τε

140 560 244 642 νόμος
261 556 317 624 καὶ
334 558 355 642 ἡ
375 561 461 643 δίκη,
485 562 558 626 τότε
576 561 640 644 ἢδη
659 560 707 638 είς
724 557 784 626 ἕνα
802 559 990 645 ἀποχωρεῖν
1009 559 1069 643 την
1087 556 1156 623 ἐπι-

94 673 99 693 ’
141 667 281 750 τροπίαν
304 665 432 730 τούτων
454 663 510 730 καὶ
532 668 696 751 φυλακην.
741 675 811 743 πῶς
832 666 897 751 γδρ
920 664 963 731 δν
981 665 1087 740 ἄλλως
1109 664 1158 741 είς

114 769 200 837 σὲνα
223 773 387 857 μοναρχία
408 773 592 857 περισταίη,
619 773 652 837 εί
672 772 716 856 μὴ
740 780 801 837 τοῦ
822 773 931 856 νόμον
954 769 1158 850 ἐξωσθέντος

141 885 202 942 τού
224 885 270 964 τῷ
293 879 416 962 πλήθει
438 876 684 964 συμφέροντοςς
709 880 763 944 δεῖ
781 879 846 963 γδρ
869 878 930 943 τὸν
952 877 1059 962 ἀνδρα
1081 884 1159 942 τοῦ·
1191 934 1195 941 .

141 1005 216 1066 τον,
245 981 281 1059 ὃς
308 984 370 1067 τὴν
396 984 494 1068 δίκην
517 985 674 1050 καταλύει
700 981 843 1049 καὶτὸν
867 984 1055 1067 νόμοντὸν
1076 991 1159 1048 πᾶσι

142 1089 258 1156 κοινὸν
270 1087 326 1155 καὶ
344 1087 559 1176 συμφέροντα
574 1090 804 1176 ἀφαιρήσεται,
824 1088 1051 1174 ἀδαμάντινον
1067 1087 1160 1172 γενέ-

142 1201 236 1279 σθαι,
260 1197 291 1263 εί
307 1195 418 1281 μέλλει
436 1185 716 1281 συλησεινταῶτα
734 1196 824 1281 παρὰ
842 1203 903 1261 τοῦ
921 1197 1074 1278 πλήθους
1091 1206 1160 1261 τῶν

103 1325 129 1366 ιο
143 1301 333 1387 ἀνθρώπων
351 1295 399 1379 εἷς
417 1302 465 1367 ὢν
478 1304 568 1387 παρὰ
581 1306 729 1368 πολλῶν·
748 1302 906 1387 σύρκινος
919 1299 957 1367 δὲ
970 1299 1026 1367 καὶ
1045 1301 1161 1386 ὅμοιος

142 1418 212 1485 τοῖς
239 1412 368 1485 λοιποῖς
394 1410 573 1492 γενόμενος
600 1416 703 1474 ταῦτα
735 1405 798 1493 μὲν
829 1407 891 1474 οὐκ
918 1406 961 1474 ἀν
993 1409 1160 1491 δυνηθείη

143 1521 294 1597 ποιῆσαι,
322 1512 481 1580 τάναντία
509 1511 547 1580 δὲ
574 1513 787 1581 ἐκλελοιπότα
809 1515 971 1592 καθιστὰς
994 1514 1162 1600 μοναρχή-

143 1635 233 1685 σειεν
251 1621 307 1686 ἀν·
328 1621 382 1686 διὸ
400 1619 457 1688 καὶ
474 1623 675 1706 γιγνόμενον
692 1628 793 1686 τούτο
812 1619 924 1697 ἐνίους
941 1630 1009 1686 τῶν
1027 1619 1163 1705 ἀνθρώ-

143 1747 216 1793 πων
239 1727 410 1794 λανθάνει.
456 1729 488 1793 εί
512 1730 630 1793 τοίνυν
656 1726 828 1792 τοσούτων
853 1723 915 1810 μὲν
938 1727 1027 1792 αἰτία
1049 1736 1163 1794 κακῶν

104 1853 130 1894 15
144 1833 235 1899 ἐστιν
254 1833 387 1919 ἀνομία,
410 1842 573 1899 τοσούτου
591 1831 629 1899 δὲ
647 1832 780 1917 ἀγαθὸν
798 1832 948 1917 εὐνομία,
972 1833 1036 1900 ούκ
1053 1833 1163 1911 ἀλλως

145 1942 252 2005 ἔνεστι
265 1948 378 2025 τυχεῖν
392 1939 608 2024 εὐδαιμονίας
620 1940 652 2005 εί
668 1942 712 2025 μή
727 1962 777 2017 τις
789 1941 897 2024 νόμον
914 1938 1062 2024 ἡγεμόνα
1079 1961 1164 2025 προ-

144 2049 299 2129 στήσαιτο
318 2053 379 2110 τοῦ
398 2047 524 2111 οίκείου
542 2047 628 2129 βίου.
666 2040 764 2123 οὗτος
783 2042 814 2111 δ’
837 2043 906 2111 ἐστὶ
925 2047 1023 2128 λόγος
1044 2045 1162 2131 ὀρθός,
1179 2066 1205 2106 ω

143 2151 357 2234 προστάττων
384 2148 445 2236 μὲν
473 2150 494 2216 δ
522 2153 575 2216 δεῖ
603 2161 713 2218 ποιεῖν
745 2150 965 2236 ἀπαγορεύων
992 2148 1031 2217 δὲ
1062 2149 1083 2216 δ
1117 2152 1163 2236 μὴ

144 2259 217 2343 χρη,
242 2259 280 2322 ἔν
296 2279 333 2323 τε
351 2265 396 2345 τῷ
415 2255 515 2323 παντί
532 2259 645 2345 κόσμῳ
664 2253 719 2323 καὶ
738 2256 776 2323 ἐν
793 2259 909 2323 πόλεσι
931 2255 987 2322 καὶ
1006 2256 1043 2323 ἐν
1063 2257 1165 2335 ἰδίοις

104 2381 131 2424 ιο
146 2370 251 2442 οίκοις
272 2360 328 2429 καὶ
351 2363 440 2452 αὐτῷ
463 2387 531 2430 τινι
554 2363 679 2452 ἑκάστω
702 2365 786 2449 πρὸς
809 2362 938 2430 ἑαυτόν.
984 2365 1016 2430 εί
1043 2366 1164 2429 τοίνυν

145 2473 204 2535 τὸν
227 2479 381 2536 τοιοῦτον
404 2473 507 2556 λόγον
529 2469 606 2556 περὶ
629 2470 770 2554 ἀγαθῶν
791 2469 847 2536 καί
869 2480 980 2536 κακῶν
1003 2471 1084 2536 ὄντα
1107 2469 1164 2536 καὶ

145 2580 257 2640 καλῶν
287 2574 343 2641 καὶ
370 2578 518 2661 αίσχρῶν
547 2576 608 2661 οὐχ
642 2568 716 2642 οἷόν
743 2600 778 2641 τε
811 2577 919 2653 ἀλλως
950 2582 1074 2661 μαθεῖν
1106 2575 1163 2642 καὶ
1176 2595 1205 2636 ευ

145 2683 270 2765 γνόντα
294 2682 537 2765 τελεωσασθαι,
566 2684 598 2746 εί
619 2685 663 2766 μη’
689 2705 740 2759 τις
765 2681 885 2760 τελέως
909 2685 1163 2768 φιλοσοφήσειε,

145 2789 274 2854 τούτων
302 2786 399 2854 ἕνεκα
426 2790 633 2874 φιλοσοφίαν
662 2786 823 2872 ἀσκητέον
855 2788 990 2854 πάντων
1020 2789 1163 2872 μάλιστα

106 2911 133 2954 ιο
146 2905 214 2960 τῶν
238 2894 465 2980 ἀνθρωπίνων
488 2894 766 2979 ἐπιτηδευμάτων.

235 3001 320 3066 XXI.
347 3005 546 3067 Τελευταῖον
561 3002 602 3084 δὴ
617 3003 742 3086 τρόπον
756 3002 804 3077 είς
816 2999 1011 3086 προτροπὴν
1024 3002 1162 3085 τίθεμεν

146 3106 205 3192 τὸν
228 3105 292 3172 ἀπὸ
316 3117 384 3172 τῶν
406 3109 597 3192 συμβόλων,
620 3107 679 3173 τὸν
698 3103 759 3191 μὲν
783 3108 872 3172 ίδιον
890 3108 971 3172 ὄντα
994 3115 1053 3189 τῆς
1076 3105 1163 3189 αίρέ-

147 3225 361 3232 ...-

236 3270 278 3319 27.
297 3282 324 3334 p.
341 3268 401 3332 105,
416 3268 450 3319 25
469 3263 503 3319 cs.
522 3281 550 3333 p.
566 3269 591 3334 7,
607 3269 640 3319 18
651 3280 711 3332 sqq.

238 3411 253 3459 ⁷
268 3404 420 3461 καταλύσει
434 3403 468 3462 ci.
483 3404 508 3458 K
522 3405 532 3474 ΙΙ
547 3410 579 3459 12
594 3405 719 3474 συλῆσαι,
733 3401 918 3459 τούναντίονῖ
933 3403 1032 3458 Vitelli
1046 3405 1056 3473 ΙΙ
1071 3409 1105 3458 15
1120 3423 1163 3458 το-

134 3473 250 3529 σούτων
267 3475 303 3532 δὲ
323 3472 451 3547 ἀγαθοῖν
472 3491 507 3532 ex
526 3475 582 3532 ciz.
601 3477 697 3546 Κχλῦ
717 3471 808 3546 αύτῷ]
826 3469 903 3529 αὑτῶ
917 3476 928 3544 [Ι
945 3479 980 3529 26
998 3471 1163 3545 προτροπὴν

122 3543 198 3598 coni.
217 3544 261 3600 K:
281 3542 461 3621 ἀποτροπὴν
480 3548 628 3621 (similiter
646 3567 676 3620 p.
691 3541 1134 3615 15,1&nozq'swmgxmm
