2430 3848
391 191 666 248 PROTREPTICUS
686 195 718 260 (ο.
733 191 830 261 XVII).
1075 191 1118 256 85

100 357 196 420 στίαν
219 377 254 419 τε
277 352 332 419 καί
355 357 474 439 λήθην.
516 363 619 420 ταῦτα
638 354 787 432 ἐπιεικῶς
810 351 871 438 μέν
894 353 985 419 ἐστιν
1003 353 1068 419 ὑπό
1087 380 1119 419 τι

99 463 216 544 άτοπα,
241 461 340 545 δηλοῖ
355 461 422 546 μήν
441 460 458 526 ὃ
479 460 543 543 ἐγὼ
562 462 727 544 βούλομαι
746 459 970 543 ἐνδείξασθαι,
993 461 1037 538 ὡς
1055 461 1117 546 χρή

38 586 83 626 >K
101 565 311 652 μεταθέσθαι
333 567 397 632 ἀπὸ
420 574 482 631 τοῦ
504 566 678 650 ἀπλήστως
699 564 755 632 καί
774 565 962 642 ἀκολάστως
985 569 1119 651 ἔχοντος

99 677 178 758 βίου
206 671 259 739 ἐπὶ
285 675 345 739 τὸν
373 675 519 759 κοσμίως
546 671 602 738 καὶ
628 683 698 750 τοῖς
726 669 777 737 ἀεὶ
804 681 969 759 παροῦσιν
998 673 1119 748 ίκανῶς

100 778 156 845 καλ
179 779 406 866 ἐξαρκούντως
429 782 547 864 έχοντα
571 781 658 863 βίον,
681 775 737 844 καί
759 782 941 845 πεύθεσθαι
963 778 1145 862 εὐδαιμοῖ

101 884 280 971 νεστέρους
303 881 390 951 εἶναι
412 888 492 963 τούς
514 887 674 970 κοσμίους
696 895 765 951 τῶν
788 885 990 951 ἀκολάστων.
1037 882 1118 969 φέρε

102 993 143 1076 δή
164 985 227 1057 οὖν
244 989 300 1058 καὶ
318 994 425 1076 ἀλλην
443 994 556 1057 εἰκόνα
574 997 655 1057 εῖπω
675 991 711 1057 ἐκ
729 1000 790 1057 τοῦ
808 992 912 1057 αὐτοῦ
931 995 1118 1076 γυμνασίου

100 1099 161 1181 τήν
184 1107 259 1164 νῦν.
305 1101 419 1164 σκόπει
447 1100 511 1184 γάρ
537 1099 569 1162 εί
589 1099 721 1162 τοιόνδε
745 1099 840 1163 δοκεῖ
859 1095 936 1182 περὶ
957 1106 1018 1162 τοῦ
1041 1101 1117 1180 βίου

100 1203 268 1290 ἑκατέρου,
292 1215 353 1270 τοῦ
371 1228 406 1269 τε
425 1206 602 1289 σώφρονος
622 1201 756 1271 καὶτοῦ
775 1204 972 1286 ἀκολάστου,
996 1194 1069 1267 οἷον
1089 1205 1120 1266 εί

101 1312 199 1375 δυοῖν
223 1309 365 1396 ἀνδροῖν
388 1309 530 1398 ἑκατέρῳ
554 1313 651 1375 πίθοι
674 1308 793 1376 πολλοὶ
813 1305 891 1394 εἶεν,
914 1308 1032 1397 καὶτῷ
1057 1305 1118 1393 μέν
1133 1326 1159 1365 1⁰

101 1414 200 1504 ἑτέρῳ
226 1416 332 1500 ὑγιεῖς
358 1414 414 1481 καὶ
442 1418 589 1502 πλήρεις,
619 1416 637 1482 6
665 1413 727 1501 μέν
755 1423 852 1483 οῖνου
880 1416 898 1482 6
923 1413 959 1480 δὲ
988 1415 1118 1500 μέλιτος

38 1522 120 1588 ολδ
145 1520 181 1587 δὲ
207 1522 369 1606 γάλακτος
396 1519 451 1587 καὶ
479 1523 574 1587 ἀλλοι
602 1522 720 1588 πολλοὶ
747 1528 895 1605 πολλῶν,
923 1523 1053 1607 νάματα
1081 1518 1118 1587 δὲ

102 1628 226 1693 σπάνια
248 1626 304 1693 καί
326 1629 452 1712 χαλεπά
477 1625 617 1692 ἑκάστου
639 1629 767 1692 τούτων
791 1634 840 1711 εῖη
859 1626 915 1692 καὶ
938 1630 1019 1711 μετὰ
1039 1633 1118 1694 πολ-

102 1739 170 1797 λῶν
202 1736 317 1799 πόνων
353 1731 408 1798 καί
439 1737 592 1817 χαλεπῶν
625 1731 873 1818 ἐκποριζόμενα·
911 1733 928 1797 6
962 1731 1022 1818 μέν
1056 1728 1118 1799 ούν

102 1838 212 1925 ἕτερος
239 1840 499 1927 πληρωσάμενος
526 1842 606 1925 μήτε
634 1839 823 1923 ἐποχετεύοι
850 1836 936 1924 μηδέ
958 1862 990 1904 τι
1013 1863 1118 1924 φρον-
1133 1855 1158 1897 15

102 1949 198 2029 τίζοι,
227 1943 299 2011 ἀλλ’
327 1946 422 2011 ἕνεκα
449 1946 578 2011 τούτων
605 1945 748 2029 ἡσυχίαν
776 1948 857 2031 ἔχοι·
884 1954 929 2033 τῷ
960 1942 990 2010 δ’
1018 1944 1117 2033 ἑτέρῳ

101 2055 141 2117 τά
163 2049 225 2137 μὲν
248 2052 391 2137 νάματα,
416 2053 526 2137 ὥσπερ
549 2051 604 2118 καὶ
628 2051 759 2140 ἐκείνω,
789 2052 915 2119 δυνατά
940 2049 1001 2138 μὲν
1024 2057 1119 2138 πορί-

104 2162 218 2237 ζεσθαι
246 2164 312 2242 εἴη,
345 2161 469 2244 χαλεπά
497 2157 548 2243 δέ,
581 2161 621 2224 τά
649 2156 686 2225 δέ
714 2160 829 2243 ἀγγεῖα
856 2157 1037 2245 τετρημένα
1062 2157 1120 2225 καὶ

102 2266 226 2351 σαθρά,
250 2264 465 2347 ἀναγκάζοιτο
490 2263 526 2330 δὲ
550 2264 601 2331 ἀεὶ
624 2263 679 2330 καί
697 2266 801 2331 νύκτα
819 2265 874 2331 καί
892 2265 1019 2352 ἡμέραν
1042 2288 1118 2350 πιμ-

102 2371 224 2436 πλάναι
243 2371 338 2455 αύτά,
356 2371 376 2456 6
396 2373 454 2448 τάς
473 2371 609 2457 ἐσχάτας
628 2376 766 2437 λυποῖτο
786 2373 902 2448 λύπας
927 2368 991 2452 ἀρα
1009 2374 1119 2437 τοιού·
1133 2387 1160 2427 20

102 2501 162 2543 του
186 2479 284 2554 ὄντος
305 2486 367 2543 τοῦ
389 2481 478 2561 βίου,
502 2478 563 2542 οὐκ
587 2480 678 2542 ἐσται
699 2475 994 2562 εὐδαιμονέστερος
1017 2477 1035 2542 6
1058 2488 1118 2543 τοῦ

38 2597 90 2640 ωε.
103 2586 243 2667 κοσμίου
267 2582 287 2666 6
311 2592 371 2648 τοῦ
391 2582 590 2663 ἀκολάστους
615 2583 633 2648 6
657 2580 718 2668 μέν
740 2585 804 2670 γάρ
827 2592 872 2672 τῷ
896 2585 941 2662 ῶς
963 2589 1119 2650 πλεῖστον

103 2689 250 2774 ἐπιρρεῖν
274 2691 340 2773 ἔχει
362 2691 400 2754 τὸ
424 2690 601 2773 εὔδαιμον,
631 2688 668 2755 έν
690 2681 716 2777 ᾧ
740 2692 827 2756 πολὺ
853 2691 978 2776 ἀνάγκη
1002 2689 1118 2757 καὶτὸ

103 2795 202 2860 ἀπιὸν
230 2790 316 2860 εἶναι
344 2793 398 2860 καὶ
428 2797 554 2880 μεγάλα
582 2797 661 2860 ἀττα
688 2799 728 2860 τά
759 2799 906 2881 τρήματα
934 2792 1020 2862 εἶναι
1046 2807 1119 2874 ταῖς

103 2900 243 2988 έκροαῖς,
268 2901 348 2987 ὅπερ
372 2898 473 2966 οὐδὲν
493 2903 574 2966 ἀλλο
593 2899 684 2966 ἐστὶν
701 2901 722 2985 6
741 2902 926 2987 χαραδριοῦ
942 2924 1017 2966 τινα
1041 2906 1118 2986 βίον
1132 2915 1159 2958 25

103 3009 231 3092 διαζῆν·
256 3008 273 3072 6
298 3005 336 3072 δὲ
358 3008 614 3093 πεπληρωμένος
635 3007 772 3086 εἰσάπαξ
794 3017 861 3072 τῶν
885 3010 1016 3075 οίκείων
1040 3010 1118 3093 ἀγα-

102 3121 176 3180 θῶν
196 3114 363 3200 αὐτάρκης
381 3112 432 3179 ἀελ
452 3113 600 3199 διαμένει
617 3115 725 3180 πάντα
739 3116 799 3180 τὸν
813 3119 945 3202 χρόνον.
981 3118 1117 3201 τοιαύτη

103 3225 150 3298 τίς
174 3218 322 3287 ἐστικαὶ
349 3220 370 3304 6
395 3221 640 3306 ἀρχαιοπρεπής
666 3223 871 3308 παράκλησις
898 3220 951 3289 ἐπί
977 3225 1039 3307 τήν
1060 3231 1119 3306 τῆς

104 3328 222 3412 ἀρετῆς
245 3327 466 3411 ἐπιτήδευσιν.

193 3491 209 3540 8
228 3485 262 3556 τῇ
281 3487 336 3540 νύν
354 3485 400 3556 Ρή
414 3490 446 3540 15
466 3483 552 3560 μηδέ]
574 3481 643 3559 μήτε
655 3485 678 3540 P
692 3488 756 3558 626
774 3487 845 3542 me
860 3479 954 3546 ’λωντος
967 3484 1059 3536 οδδῶ
1069 3477 1143 3532 'm-

102 3553 181 3623 τέρου
198 3555 252 3624 Pa
268 3561 303 3610 24
321 3551 413 3613 άπιδν
431 3559 496 3616 ΡΑι
517 3555 615 3638 ἀβιον.
