2430 3848
372 165 648 224 PROTREPTICUS
668 168 701 234 (ο.
716 165 799 235 XXI).
1032 166 1093 229 111

76 327 244 409 ἀποδείξει
265 330 409 417 παντοίᾳ
430 327 486 394 καί
509 335 775 416 συναναγκασμῷ
798 327 1010 414 ὠχυρωμένα.
1055 330 1096 393 τά

76 433 114 502 δέ
142 434 226 502 αύτά
251 443 355 502 ταῦτα
383 435 525 502 δύναται
552 433 608 501 καὶ
634 435 718 521 πρὸς
744 434 806 518 τήν
829 433 1012 519 ἐπιστήμην
1033 434 1096 517 τήν

76 540 153 628 περὶ
182 548 276 608 θεῶν
309 539 522 628 προτρέπειν·
557 540 778 626 παραγγέλλει
812 542 877 626 γὰρ
914 539 1096 625 ἐπιστήμην

76 648 235 732 τοιαύτην
261 651 465 734 κτήσασθαι,
492 645 538 713 δι’
568 642 608 732 ής
635 644 751 713 οὐδενὶ
778 646 1002 732 ἀπιστήσομεν
1029 657 1097 712 τών

10 773 63 815 οε
77 752 268 840 λεγομένων
286 752 363 841 περὶ
381 761 474 821 θεῶν
492 751 548 819 καλ
562 751 638 839 περὶ
651 754 758 819 θείων
771 752 956 839 δογμάτων.
994 752 1122 818 δύνωε

77 884 131 927 ται
152 871 329 947 παραινεῖν
351 863 392 927 τά
415 860 498 926 αύτά
521 857 577 925 καὶ
598 862 637 926 τὸ
661 861 718 925 διά
736 859 943 944 μαθημάτων
961 869 1096 945 χωρεῖν·

10 985 66 1026 υΚ.
80 969 294 1054 ὀμματουργά
321 969 385 1054 γάρ
407 976 512 1033 ταῦτα
534 969 622 1052 μόνα
649 963 704 1031 καὶ
732 968 906 1050 φωτοποιά
932 964 1097 1048 περὶτῶν

78 1076 186 1141 ὄντων
205 1075 361 1140 ἀπάντων
381 1081 427 1161 τῷ
442 1071 598 1158 μέλλοντι
612 1070 796 1151 σκέψεσθαι
815 1070 870 1137 καὶ
891 1075 1097 1151 κατόψεσθαι
1136 1115 1140 1122 ·

78 1181 170 1246 αύτά.
217 1180 252 1246 έκ
275 1182 338 1264 γάρ
362 1188 423 1245 τοῦ
445 1179 655 1265 μαθημάτων
678 1188 851 1263 μετασχεῖν
872 1179 909 1243 ἓν
927 1180 992 1261 πρὸ
1015 1179 1096 1244 πάν-

78 1311 146 1353 των
178 1288 387 1370 συνίσταται,
419 1288 456 1352 τὸ
488 1287 533 1372 μή
563 1286 712 1352 ἀπιστεῖν
744 1288 825 1370 μήτε
856 1283 932 1369 περὶ
964 1285 1098 1370 φύσεως
1110 1305 1138 1344 ιο

78 1400 171 1458 θεῶν
191 1395 271 1477 μήτε
289 1391 365 1478 περὶ
384 1392 501 1471 οὐσίας
519 1395 600 1479 μήτε
623 1390 698 1478 περὶ
717 1393 900 1477 δυνάμεως,
924 1389 1007 1476 μηδέ
1031 1392 1097 1476 μήν

78 1498 241 1583 περὶτῶν
259 1504 511 1585 Πυθαγορικῶν
531 1499 706 1584 δογμάτων
728 1503 1022 1582 τερατολογεῖσθαι
1045 1500 1097 1563 δο-

78 1607 231 1671 κούντων
262 1615 332 1681 τοῖς
363 1604 569 1682 ἀνεισάκτοις
595 1602 650 1670 καὶ
683 1604 889 1688 μαθημάτων
925 1603 1097 1689 ἀμυήτοις·

79 1712 164 1778 ώστε
187 1713 224 1777 τὸ
249 1711 304 1796 *μή
333 1710 473 1777 ἀπίστει’
498 1717 574 1777 ίσον
597 1707 666 1776 ἐστὶ
692 1717 739 1798 τῷ
763 1709 922 1796 μετέρχου
948 1708 1004 1774 καὶ
1030 1721 1096 1775 κτῶ

80 1817 190 1884 ἐκεῖνα
218 1811 262 1882 δι’
288 1815 308 1882 ἀ
336 1817 398 1883 οὐκ
425 1817 629 1903 ἀπιστήσεις,
659 1814 810 1884 τουτέστι
836 1817 1016 1901 μαθήματα
1041 1814 1097 1881 καλ
1111 1835 1137 1875 15

80 1923 335 2009 ἐπιστημονικὰς
357 1923 550 2004 ἀποδειῖεις.

170 2024 272 2115 Οἶμαι
294 2024 326 2095 δ’
353 2030 404 2096 ὅτι
426 2028 481 2096 καὶ
503 2032 541 2095 τὸ
565 2027 618 2096 ἐπὶ
640 2031 772 2107 τούτοις
791 2030 837 2106 είς
855 2030 893 2094 τὸ
912 2027 994 2094 αὐτὸ
1017 2044 1097 2093 συν-

11 2117 66 2223 ³⁰}
79 2139 194 2203 τείνει·
222 2138 289 2214 τάς
316 2140 548 2222 λεωφόρους
573 2136 692 2214 ὁδοὺς
719 2135 911 2203 έκκλίνωυ
934 2136 999 2201 διά
1021 2146 1097 2200 τῶν

80 2242 262 2327 ἀτραπῶν
289 2243 434 2328 βάδιζε.
479 2239 534 2309 καὶ
561 2244 625 2328 γάρ
653 2251 751 2309 τοῦτο
778 2243 841 2326 τήν
868 2240 930 2326 μὲν
961 2244 1097 2328 δημώδη

79 2346 136 2414 καὶ
163 2348 383 2435 ἀνθρωπίνην
416 2351 501 2434 ζωήν
533 2347 669 2433 ἀφιέναι
700 2346 934 2434 παραγγέλλει,
966 2349 1029 2432 τήν
1062 2345 1098 2413 δέ
1112 2369 1139 2409 ιο

79 2456 247 2540 χωριστήν
278 2453 334 2522 καὶ
365 2457 465 2522 θείαν
497 2455 715 2540 μεταδιώκειν
747 2452 848 2536 ἀξιοῖ,
880 2449 935 2517 καὶ
965 2455 1005 2519 τά
1036 2450 1098 2538 μὲν

80 2560 270 2647 δοξάσματα
296 2564 337 2628 τά
365 2561 463 2628 κοινά
489 2579 573 2647 φησι
598 2562 670 2626 δεῖν
692 2560 877 2647 ὑπερορᾶν,
904 2561 944 2625 τά
968 2556 1005 2626 δέ
1029 2561 1098 2626 ίδια

10 2683 65 2726 ιοΔ.
80 2666 137 2733 καλ
169 2668 339 2756 ἀπόρρητα
369 2666 445 2755 περὶ
476 2674 604 2734 πολλοῦ
635 2674 821 2751 ποιεῖσθαι,
858 2664 913 2733 καὶ
944 2669 1006 2752 τήν
1037 2664 1099 2753 μέν

80 2775 164 2859 πρὸς
186 2773 389 2861 ἀνθρώπους
417 2773 590 2860 φέρουσαν
616 2774 735 2860 τέρψιν
762 2773 943 2858 ἀτιμάζειν,
971 2773 1033 2856 τήν
1061 2771 1100 2839 δὲ

79 2888 138 2963 τῆς
161 2884 257 2959 θείας
279 2884 470 2967 βουλήσεως
493 2880 656 2967 ἐχομένην
674 2880 857 2962 εὐπραγίαν
875 2874 950 2964 περὶ
971 2883 1098 2945 πολλοῦ
1113 2899 1139 2940 ιε

79 2993 264 3073 ποιεῖσθαι,
287 2985 344 3054 καλ
365 2990 406 3054 τά
426 2985 488 3074 μὲν
507 2987 706 3071 ἀνθρώπινα
725 2988 788 3070 έθη
808 2984 867 3051 έάν
886 2985 931 3062 ώς
949 2985 1098 3071 δημώδη,

78 3093 139 3170 τάς
163 3091 200 3160 δέ
227 3105 295 3161 τῶν
316 3102 409 3162 θεῶν
431 3097 613 3183 θρησκείας
640 3095 685 3172 ώς
711 3093 936 3179 ὑπερεχούσας
958 3093 1020 3176 τήν
1044 3094 1099 3176 δη-

80 3199 177 3285 μώδη
203 3203 288 3286 ζωήν
312 3200 605 3268 ἀνταλλάττεσθαι.

40 3308 62 3366 ε’
173 3304 344 3391 Συγγενές
367 3304 399 3372 δ’
426 3305 494 3373 ἐστὶ
516 3309 623 3395 τούτῳ
646 3303 702 3372 καὶ
731 3306 769 3370 τὸ
797 3304 928 3389 ἐφεξῆς·
958 3309 1098 3389 μελαν-

81 3451 298 3462 *Ἀ-

173 3538 192 3587 4
205 3525 252 3606 ἧίά
262 3528 317 3604 7199
331 3534 366 3592 Cf·
381 3554 406 3594 V.
424 3541 457 3594 16
474 3538 503 3596 ek
516 3555 546 3611 p.
557 3542 622 3610 1‘21,
632 3543 649 3595 θ
660 3539 727 3610 RQ&
740 3530 894 3608 ἆτιψᾶζὶιν
915 3531 955 3584 be.
969 3521 1143 3593 ὶτκρὲσειυ.

1191 3626 1199 3665 ι,
