2430 3848
388 171 662 230 PROTREPTICUS
681 175 714 243 (ι.
729 172 801 243 xv).
1058 173 1100 238 81

87 339 209 419 ζηλοῦν
232 338 311 412 τοὺς
332 329 410 419 παρ’
437 334 576 412 έκείνοις
598 333 804 420 τιμωμένους
825 358 861 400 τε
883 332 938 400 καὶ
962 334 1101 400 ἐνδυνα-

86 442 277 524 στεύοντας,
296 439 316 524 ἢ
331 441 444 504 τὸτοῦ
459 435 602 525 Ὁμήρου
617 440 660 506 ἀν
674 438 880 506 πεπονθέναι
898 438 953 506 καὶ
968 442 1101 526 σφόδρα

85 548 272 631 βούλεσθαι
294 546 519 632 ἐπάρουρον
543 546 658 612 ἐόντα
676 545 896 631 θητευέμεν
914 548 1016 634 ἀλλφ
1036 547 1102 612 ἀν-

41 670 70 711 Δ.
87 651 152 739 δρὶ
165 648 253 738 παρ’
275 652 430 740 ἀκληρφ
449 651 504 718 καὶ
528 652 643 719 ὁτιοῦν
657 651 699 718 ἀν
717 651 923 718 πεπονθέναι
941 653 1102 737 μᾶλλονῆ

86 759 197 826 έκείνά
214 782 249 824 τε
264 757 413 838 δοξάζειν
430 756 486 824 καί
504 759 638 836 ἐκείνως
657 763 728 844 ζην;
754 759 859 836 οὕτως
877 761 981 843 ἔγωγε
1000 753 1129 844 οἶμαι,ε

42 884 70 922 Κ.
85 874 153 930 πάν
181 870 309 949 μᾶλλον
336 863 541 929 πεπονθέναι
568 863 610 929 ἀν
639 863 799 943 δέξασθαι
826 863 847 948 ἢ
876 868 934 948 ζῦν
960 864 1102 943 ἐκείνως.

85 969 142 1036 καὶ
159 972 237 1036 τόδε
256 971 297 1054 δὴ
317 969 496 1053 ἐννόησον·
520 971 551 1035 εί
571 971 672 1035 πάλιν
691 971 709 1037 ὁ
727 978 879 1047 τοιοῦτος
895 974 1038 1055 καταβάς
1056 974 1104 1050 είς

85 1079 146 1142 τὸν
170 1077 273 1142 αὐτὸν
295 1082 405 1141 θᾶκον
423 1079 604 1158 καθίζοιτο,
629 1071 682 1162 ἀρ’
704 1076 746 1142 οὐ
769 1078 909 1153 σκότους
932 1077 1103 1155 ἀνάπλεως

86 1186 182 1268 σχοίη
206 1185 285 1260 τούς
308 1182 523 1267 ὀφθαλμούς,
551 1182 709 1266 ἐξαίφνης
731 1183 822 1266 ἥκων
846 1181 882 1248 ἐκ
903 1192 965 1248 τοῦ
988 1183 1101 1265 ἡλίου;

87 1289 174 1374 μάλα
192 1312 239 1372 γε.
279 1292 338 1366 τάς
357 1286 394 1355 δὲ
414 1290 455 1373 δὴ
475 1289 570 1365 σκιάς
588 1289 715 1367 ἐκείνας
732 1290 834 1354 πάλιν
857 1291 888 1354 εί
910 1289 980 1356 δέοι
1000 1289 1104 1354 αὐτὸν
1119 1310 1144 1348 10

86 1395 343 1478 γνωματεύοντα
373 1397 612 1480 διαμιλλᾶσθαι
634 1407 705 1473 τοῖς
732 1394 783 1461 ἀεὶ
811 1398 995 1481 δεσμώταις
1023 1395 1104 1462 έκεί-

85 1525 174 1584 νοις,
204 1500 242 1567 ἐν
270 1492 296 1588 ᾧ
325 1500 533 1585 ἀμβλυωπεί,
561 1499 641 1586 πρὶν
668 1511 870 1586 καταστῆναι
897 1505 937 1568 τά
965 1505 1104 1588 ὀμματα,

87 1602 186 1683 οὗτος
209 1603 247 1672 δέ
270 1606 288 1671 ὁ
311 1609 432 1691 χρόνος
451 1609 495 1692 μὴ
518 1607 607 1671 πάνυ
626 1607 738 1690 ὀλίγος
762 1614 811 1692 είη
830 1618 888 1691 τῆς
911 1613 1104 1692 συνηθείας,

87 1708 152 1797 ἀρα
172 1713 214 1777 ού
232 1708 349 1796 γέλωτ’
371 1712 413 1779 ἀν
430 1711 579 1798 παρέχοι,
601 1711 656 1779 καὶ
680 1711 809 1796 λέγοιτο
831 1713 873 1779 ἀν
891 1712 966 1799 περὶ
989 1715 1104 1798 αὐτοῦ,

88 1820 133 1896 ὡς
156 1819 282 1902 ἀναβάς
305 1820 374 1885 ἀνω
395 1818 643 1905 διεφθαρμένος
665 1821 738 1903 ἥκει
756 1821 796 1884 τά
815 1820 955 1904 ὄμματα,
978 1818 1033 1885 καὶ
1053 1821 1103 1885 ότι
1118 1839 1144 1879 15

88 1925 151 1990 οὐκ
180 1924 274 2002 ἀξιον
309 1923 387 1991 οὐδὲ
419 1933 600 2011 πειρᾶσθαι
633 1925 778 2010 ἀνιέναι,
810 1924 866 1992 καὶ
894 1927 954 1992 τὸν
987 1926 1106 2012 έπιχει-

88 2040 214 2115 ροῦντα
242 2033 336 2097 λύειν
363 2055 399 2097 τε
430 2029 486 2097 καὶ
514 2032 666 2116 ἀνάγειν,
699 2039 732 2098 εί
755 2054 825 2110 πως
853 2032 889 2098 ἐν
916 2043 987 2110 ταῖς
1014 2031 1106 2117 χερσὶ

89 2139 248 2204 δύναιντο
281 2141 397 2221 λαβεῖν
428 2137 485 2203 καὶ
516 2137 738 2222 ἀποκτείνειν,
776 2138 1015 2205 ἀποκτιννύναι
1048 2141 1105 2218 ἀν;

89 2245 222 2329 σφόδρα
253 2268 300 2327 γε.
353 2245 478 2328 ταύτην
509 2250 627 2310 τοίνυν
658 2244 720 2327 τὴν
754 2247 866 2310 είκόνα
897 2245 1107 2330 προσαπτέον

88 2350 220 2415 ἀπασαν
239 2351 284 2428 ὡς
302 2349 438 2433 ἀληθῶς
455 2362 526 2428 τοῖς
544 2349 747 2435 λεγομένοις,
770 2351 832 2433 την
851 2347 912 2434 μέν
932 2349 975 2415 δι’
998 2353 1107 2429 ὅψεως
1120 2371 1147 2412 εο

89 2455 299 2541 φαινομένην
327 2455 430 2542 έδραν
456 2465 496 2541 τη
523 2464 584 2521 τοῦ
613 2457 842 2541 δεσμωτηρίου
870 2457 996 2540 οίκήσει
1024 2457 1107 2541 ἀφο-

89 2572 262 2646 μοιοῦντα,
285 2563 323 2627 τὸ
347 2559 385 2628 δέ
407 2571 468 2628 τοῦ
491 2563 597 2649 πυρὸς
619 2562 656 2629 έν
676 2561 758 2648 αὐτῇ
782 2572 854 2647 φῶς
872 2572 912 2648 τῇ
930 2572 991 2629 τοῦ
1009 2563 1107 2647 ἡλίου

38 2685 73 2725 ¹A·
89 2670 245 2753 δυνάμει·
267 2669 330 2752 τὴν
353 2665 390 2734 δὲ
409 2669 479 2733 άνω
498 2669 664 2751 ἀνάβασιν
687 2668 742 2735 καὶ
761 2668 847 2734 θέαν
865 2681 932 2736 τῶν
956 2672 1027 2736 ἀνω
1046 2672 1108 2755 τὴν

38 2792 78 2831 »Κ
93 2777 139 2851 είς
166 2776 227 2840 τὸν
254 2776 378 2857 νοητὸν
405 2777 509 2840 τόπον
536 2785 594 2859 τῆς
623 2785 730 2860 ψυχῆς
758 2777 884 2841 άνοδον
912 2775 1019 2852 τιθεὶς
1046 2777 1107 2860 οὐχ

91 2880 272 2965 ἁμαρτήσει
294 2889 353 2964 τῆς
375 2879 542 2965 ἀληθείας.
589 2881 671 2964 αὕτη
697 2879 737 2946 δέ
757 2902 823 2946 που
842 2882 929 2946 οὕτω
953 2885 1108 2964 φαίνεται
1121 2902 1147 2941 25

91 2986 128 3051 έν
150 2995 196 3075 τῷ
219 2993 358 3074 γνωστῷ
381 2988 552 3051 τελευταία
575 2986 595 3070 ἡ
618 2995 680 3052 τοῦ
699 2985 830 3069 ἀγαθοῦ
850 2984 922 3051 ίδέα
940 2985 995 3051 καὶ
1013 2991 1109 3072 μόγις

93 3092 253 3179 ὁρᾶσθαι,
282 3091 429 3175 ὀφθεῖσα
453 3088 489 3158 δὲ
513 3091 732 3175 συλλογιστέα
759 3087 845 3157 εἶναι
873 3093 917 3170 ὡς
943 3094 1007 3179 άρα
1029 3104 1109 3159 πᾶσι

92 3199 226 3264 πάντων
250 3198 332 3281 αὕτη
357 3198 474 3281 ὀρθῶν
496 3220 531 3263 τε
553 3197 609 3263 καὶ
628 3204 740 3263 καλῶν
761 3200 860 3281 αίτία,
884 3202 921 3264 έν
943 3222 978 3263 τε
998 3199 1107 3288 ὁρατῷ

182 3467 199 3515 3
219 3455 266 3516 ἐπ’
287 3456 411 3529 ἀρουρον
428 3461 439 3530 Ι]
457 3466 490 3514 21
512 3457 598 3530 ἕδραν
618 3463 629 3534 λλ
646 3465 682 3516 ῦὸ
701 3436 892 3533 ἀμαρύήηῦῦ
909 3463 1071 3515 mmmm
1079 3459 1135 3509 'm

97 3531 226 3599 seriptum
246 3534 278 3585 αλ
291 3531 413 3601 prooh'vi
433 3549 529 3591 errore
547 3534 631 3608 legas
652 3535 842 3601 τελευταίας,

133 3628 269 3670 lammam
280 3631 422 3676 Ρκονεπευ.
983 3622 1003 3669 ἦ
