<?xml version="1.0" encoding="UTF-8"?>
<!DOCTYPE html PUBLIC "-//W3C//DTD XHTML 1.0 Transitional//EN"
    "http://www.w3.org/TR/xhtml1/DTD/xhtml1-transitional.dtd">
<html xmlns="http://www.w3.org/1999/xhtml" xml:lang="en" lang="en">
 <head>
  <title>
</title>
<meta http-equiv="Content-Type" content="text/html;charset=utf-8" />
  <meta name='ocr-system' content='tesseract 3.04.00' />
  <meta name='ocr-capabilities' content='ocr_page ocr_carea ocr_par ocr_line ocrx_word'/>
</head>
<body>
  <div class='ocr_page' id='page_1' title='image "./iamblichiprotre00jambgoog_0144.png"; bbox 0 0 2430 3848; ppageno 0'>
   <div class='ocr_carea' id='block_1_1' title="bbox 376 171 1096 243">
    <p class='ocr_par' dir='ltr' id='par_1_1' title="bbox 376 171 1096 243">
     <span class='ocr_line' id='line_1_1' title="bbox 376 171 1096 243; baseline 0.017 -17"><span class='ocrx_word' id='word_1_1' title='bbox 376 171 647 228; x_wconf 81' lang='lat' dir='ltr'>PROTREPTICUS</span> <span class='ocrx_word' id='word_1_2' title='bbox 667 175 701 242; x_wconf 85' lang='grc' dir='ltr'><em>(ο.</em></span> <span class='ocrx_word' id='word_1_3' title='bbox 716 175 800 243; x_wconf 87' lang='lat' dir='ltr'>XXI).</span> <span class='ocrx_word' id='word_1_4' title='bbox 873 219 875 225; x_wconf 26' lang='lat'><strong>¹</strong></span> <span class='ocrx_word' id='word_1_5' title='bbox 1032 173 1096 238; x_wconf 82' lang='grc'><em>125</em></span> 
     </span>
    </p>
   </div>
   <div class='ocr_carea' id='block_1_2' title="bbox 22 332 1187 1057">
    <p class='ocr_par' dir='ltr' id='par_1_2' title="bbox 22 332 1187 1057">
     <span class='ocr_line' id='line_1_2' title="bbox 22 332 1187 421; baseline 0.003 -24"><span class='ocrx_word' id='word_1_6' title='bbox 22 340 61 401; x_wconf 82' lang='grc' dir='ltr'><em>λς’</em></span> <span class='ocrx_word' id='word_1_7' title='bbox 172 336 218 400; x_wconf 91' lang='grc' dir='ltr'><em>Τὸ</em></span> <span class='ocrx_word' id='word_1_8' title='bbox 234 332 271 400; x_wconf 72' lang='grc' dir='ltr'><em>δὲ</em></span> <span class='ocrx_word' id='word_1_9' title='bbox 289 338 458 420; x_wconf 91' lang='grc' dir='ltr'><em>προτίμα</em></span> <span class='ocrx_word' id='word_1_10' title='bbox 477 337 518 400; x_wconf 83' lang='grc' dir='ltr'><em>τὸ</em></span> <span class='ocrx_word' id='word_1_11' title='bbox 538 344 664 419; x_wconf 87' lang='grc' dir='ltr'><em>σχῆμα</em></span> <span class='ocrx_word' id='word_1_12' title='bbox 682 334 746 401; x_wconf 84' lang='grc' dir='ltr'><em>καὶ</em></span> <span class='ocrx_word' id='word_1_13' title='bbox 764 340 866 421; x_wconf 90' lang='grc' dir='ltr'><em>βῆμα</em></span> <span class='ocrx_word' id='word_1_14' title='bbox 884 344 953 401; x_wconf 87' lang='grc' dir='ltr'><em>τοῦ</em></span> <span class='ocrx_word' id='word_1_15' title='bbox 972 344 1097 420; x_wconf 81' lang='grc' dir='ltr'><em>σχῆμα</em></span> <span class='ocrx_word' id='word_1_16' title='bbox 1183 382 1187 389; x_wconf 86' lang='lat'><em>-</em></span> 
     </span>
     <span class='ocr_line' id='line_1_3' title="bbox 74 439 1097 528; baseline -0.003 -19"><span class='ocrx_word' id='word_1_17' title='bbox 74 440 144 509; x_wconf 84' lang='grc' dir='ltr'><em>καὶ</em></span> <span class='ocrx_word' id='word_1_18' title='bbox 175 443 395 526; x_wconf 76' lang='grc' dir='ltr'><strong><em>τριώβολον</em></strong></span> <span class='ocrx_word' id='word_1_19' title='bbox 428 441 647 527; x_wconf 77' lang='grc' dir='ltr'><em>παραγγέλλει</em></span> <span class='ocrx_word' id='word_1_20' title='bbox 680 451 793 508; x_wconf 81' lang='grc' dir='ltr'><em>τοῦτο·</em></span> <span class='ocrx_word' id='word_1_21' title='bbox 830 445 1010 528; x_wconf 82' lang='grc' dir='ltr'><em>φιλοσόφει</em></span> <span class='ocrx_word' id='word_1_22' title='bbox 1041 439 1097 507; x_wconf 83' lang='grc' dir='ltr'><em>καὶ</em></span> 
     </span>
     <span class='ocr_line' id='line_1_4' title="bbox 75 546 1096 637; baseline 0.001 -25"><span class='ocrx_word' id='word_1_23' title='bbox 75 551 257 637; x_wconf 80' lang='grc' dir='ltr'><em>μαθήματα</em></span> <span class='ocrx_word' id='word_1_24' title='bbox 280 547 392 634; x_wconf 80' lang='grc' dir='ltr'><em>μέτιθι</em></span> <span class='ocrx_word' id='word_1_25' title='bbox 414 550 458 635; x_wconf 86' lang='grc' dir='ltr'><em>μῆ</em></span> <span class='ocrx_word' id='word_1_26' title='bbox 482 548 669 633; x_wconf 77' lang='grc' dir='ltr'><em>παρέργως,</em></span> <span class='ocrx_word' id='word_1_27' title='bbox 701 548 755 614; x_wconf 80' lang='grc' dir='ltr'><em>καὶ</em></span> <span class='ocrx_word' id='word_1_28' title='bbox 780 546 824 614; x_wconf 88' lang='grc' dir='ltr'><em>δι’</em></span> <span class='ocrx_word' id='word_1_29' title='bbox 852 548 963 614; x_wconf 84' lang='grc' dir='ltr'><em>αὐτῶν</em></span> <span class='ocrx_word' id='word_1_30' title='bbox 986 549 1096 630; x_wconf 79' lang='grc' dir='ltr'><em>ὥσπερ</em></span> 
     </span>
     <span class='ocr_line' id='line_1_5' title="bbox 76 651 1096 741; baseline -0.003 -20"><span class='ocrx_word' id='word_1_31' title='bbox 76 655 266 739; x_wconf 76' lang='grc' dir='ltr'><em>διαβάθρας</em></span> <span class='ocrx_word' id='word_1_32' title='bbox 298 652 351 720; x_wconf 81' lang='grc' dir='ltr'><em>ἐπὶ</em></span> <span class='ocrx_word' id='word_1_33' title='bbox 384 656 421 721; x_wconf 90' lang='grc' dir='ltr'><em>τὸ</em></span> <span class='ocrx_word' id='word_1_34' title='bbox 454 658 673 740; x_wconf 88' lang='grc' dir='ltr'><em>προκείμενον</em></span> <span class='ocrx_word' id='word_1_35' title='bbox 708 657 819 741; x_wconf 84' lang='grc' dir='ltr'><em>χώρει·</em></span> <span class='ocrx_word' id='word_1_36' title='bbox 857 656 1022 720; x_wconf 74' lang='grc' dir='ltr'><em>κατάγεται</em></span> <span class='ocrx_word' id='word_1_37' title='bbox 1059 651 1096 718; x_wconf 68' lang='grc' dir='ltr'><em>δὲ</em></span> 
     </span>
     <span class='ocr_line' id='line_1_6' title="bbox 74 759 1123 847; baseline -0.007 -20"><span class='ocrx_word' id='word_1_38' title='bbox 74 773 144 833; x_wconf 76' lang='grc' dir='ltr'><em>τῶν</em></span> <span class='ocrx_word' id='word_1_39' title='bbox 171 759 433 846; x_wconf 76' lang='grc' dir='ltr'><em>προτιμωμένων</em></span> <span class='ocrx_word' id='word_1_40' title='bbox 463 761 519 826; x_wconf 83' lang='grc' dir='ltr'><em>καὶ</em></span> <span class='ocrx_word' id='word_1_41' title='bbox 548 760 825 847; x_wconf 81' lang='grc' dir='ltr'><em>πρεσβευομένων</em></span> <span class='ocrx_word' id='word_1_42' title='bbox 852 771 922 838; x_wconf 82' lang='grc' dir='ltr'><em>τοῖς</em></span> <span class='ocrx_word' id='word_1_43' title='bbox 949 764 1123 841; x_wconf 81' lang='grc' dir='ltr'><em>πολλοῖς,ι</em></span> 
     </span>
     <span class='ocr_line' id='line_1_7' title="bbox 75 863 1097 952; baseline -0.002 -20"><span class='ocrx_word' id='word_1_44' title='bbox 75 867 132 933; x_wconf 78' lang='grc' dir='ltr'><em>καὶ</em></span> <span class='ocrx_word' id='word_1_45' title='bbox 155 868 299 952; x_wconf 86' lang='grc' dir='ltr'><em>προτίμα</em></span> <span class='ocrx_word' id='word_1_46' title='bbox 318 866 379 949; x_wconf 84' lang='grc' dir='ltr'><em>τῆν</em></span> <span class='ocrx_word' id='word_1_47' title='bbox 396 863 558 951; x_wconf 78' lang='grc' dir='ltr'><em>Ἰταλικὴν</em></span> <span class='ocrx_word' id='word_1_48' title='bbox 578 871 785 951; x_wconf 81' lang='grc' dir='ltr'><em>φιλοσοφίαν</em></span> <span class='ocrx_word' id='word_1_49' title='bbox 804 869 865 951; x_wconf 87' lang='grc' dir='ltr'><em>τῆν</em></span> <span class='ocrx_word' id='word_1_50' title='bbox 883 869 922 931; x_wconf 87' lang='grc' dir='ltr'><em>τά</em></span> <span class='ocrx_word' id='word_1_51' title='bbox 941 866 1097 950; x_wconf 80' lang='grc' dir='ltr'><em>ἀσώματα</em></span> 
     </span>
     <span class='ocr_line' id='line_1_8' title="bbox 75 969 1097 1057; baseline -0.002 -19"><span class='ocrx_word' id='word_1_52' title='bbox 75 972 155 1039; x_wconf 84' lang='grc' dir='ltr'><em>καθ’</em></span> <span class='ocrx_word' id='word_1_53' title='bbox 192 973 275 1038; x_wconf 86' lang='grc' dir='ltr'><em>αὑτά</em></span> <span class='ocrx_word' id='word_1_54' title='bbox 307 978 508 1057; x_wconf 77' lang='grc' dir='ltr'><em>θεωροῦσαν</em></span> <span class='ocrx_word' id='word_1_55' title='bbox 540 982 598 1057; x_wconf 86' lang='grc' dir='ltr'><em>τῆς</em></span> <span class='ocrx_word' id='word_1_56' title='bbox 621 969 769 1057; x_wconf 78' lang='grc' dir='ltr'><em>Ἰωνικῆς</em></span> <span class='ocrx_word' id='word_1_57' title='bbox 801 983 858 1057; x_wconf 89' lang='grc' dir='ltr'><em>τῆς</em></span> <span class='ocrx_word' id='word_1_58' title='bbox 890 976 930 1038; x_wconf 84' lang='grc' dir='ltr'><em>τά</em></span> <span class='ocrx_word' id='word_1_59' title='bbox 962 975 1097 1056; x_wconf 86' lang='grc' dir='ltr'><em>σώματα</em></span> 
     </span>
    </p>
   </div>
   <div class='ocr_carea' id='block_1_3' title="bbox 10 1077 1191 3396">
    <p class='ocr_par' dir='ltr' id='par_1_3' title="bbox 75 1077 654 1165">
     <span class='ocr_line' id='line_1_9' title="bbox 75 1077 654 1165; baseline -0.003 -20"><span class='ocrx_word' id='word_1_60' title='bbox 75 1077 338 1164; x_wconf 77' lang='grc' dir='ltr'><em>προηγουμένως</em></span> <span class='ocrx_word' id='word_1_61' title='bbox 362 1077 654 1165; x_wconf 79' lang='grc' dir='ltr'><em>ἐπισκοπουμένης.</em></span> 
     </span>
    </p>

    <p class='ocr_par' dir='ltr' id='par_1_4' title="bbox 10 1170 1138 1482">
     <span class='ocr_line' id='line_1_10' title="bbox 10 1170 1097 1288; baseline -0.002 -38"><span class='ocrx_word' id='word_1_62' title='bbox 10 1170 61 1288; x_wconf 52' lang='grc' dir='ltr'><em>ἐξ</em></span> <span class='ocrx_word' id='word_1_63' title='bbox 171 1186 216 1250; x_wconf 88' lang='grc' dir='ltr'><em>Τὸ</em></span> <span class='ocrx_word' id='word_1_64' title='bbox 232 1182 268 1250; x_wconf 77' lang='grc' dir='ltr'><em>δέ</em></span> <span class='ocrx_word' id='word_1_65' title='bbox 286 1185 445 1270; x_wconf 93' lang='grc' dir='ltr'><em>κυάμων</em></span> <span class='ocrx_word' id='word_1_66' title='bbox 464 1185 610 1269; x_wconf 88' lang='grc' dir='ltr'><em>άπέχου</em></span> <span class='ocrx_word' id='word_1_67' title='bbox 629 1185 850 1270; x_wconf 82' lang='grc' dir='ltr'><em>συμβουλεύει</em></span> <span class='ocrx_word' id='word_1_68' title='bbox 869 1185 1097 1269; x_wconf 79' lang='grc' dir='ltr'><em>φυλάττεσθαι</em></span> 
     </span>
     <span class='ocr_line' id='line_1_11' title="bbox 57 1276 1138 1377; baseline -0.006 -21"><span class='ocrx_word' id='word_1_69' title='bbox 57 1276 144 1357; x_wconf 57' lang='grc' dir='ltr'><em>’πᾶν</em></span> <span class='ocrx_word' id='word_1_70' title='bbox 168 1292 250 1356; x_wconf 82' lang='grc' dir='ltr'><em>ὅσον</em></span> <span class='ocrx_word' id='word_1_71' title='bbox 274 1290 344 1357; x_wconf 77' lang='grc' dir='ltr'><em>ἐστὶ</em></span> <span class='ocrx_word' id='word_1_72' title='bbox 368 1295 557 1377; x_wconf 85' lang='grc' dir='ltr'><em>φθαρτικὸν</em></span> <span class='ocrx_word' id='word_1_73' title='bbox 580 1301 638 1375; x_wconf 85' lang='grc' dir='ltr'><em>τῆς</em></span> <span class='ocrx_word' id='word_1_74' title='bbox 661 1294 744 1377; x_wconf 88' lang='grc' dir='ltr'><em>πρὸς</em></span> <span class='ocrx_word' id='word_1_75' title='bbox 766 1293 869 1368; x_wconf 85' lang='grc' dir='ltr'><em>θεοὺς</em></span> <span class='ocrx_word' id='word_1_76' title='bbox 890 1290 1019 1374; x_wconf 83' lang='grc' dir='ltr'><em>ὁμιλίας</em></span> <span class='ocrx_word' id='word_1_77' title='bbox 1042 1288 1097 1354; x_wconf 81' lang='grc' dir='ltr'><em>καὶ</em></span> <span class='ocrx_word' id='word_1_78' title='bbox 1113 1310 1138 1348; x_wconf 85' lang='grc' dir='ltr'><em>ιο</em></span> 
     </span>
     <span class='ocr_line' id='line_1_12' title="bbox 76 1401 444 1482; baseline -0.003 -18"><span class='ocrx_word' id='word_1_79' title='bbox 76 1408 135 1481; x_wconf 89' lang='grc' dir='ltr'><em>τῆς</em></span> <span class='ocrx_word' id='word_1_80' title='bbox 159 1401 255 1474; x_wconf 89' lang='grc' dir='ltr'><em>θείας</em></span> <span class='ocrx_word' id='word_1_81' title='bbox 278 1407 444 1482; x_wconf 78' lang='grc' dir='ltr'><em>μαντικῆς.</em></span> 
     </span>
    </p>

    <p class='ocr_par' dir='ltr' id='par_1_5' title="bbox 13 1498 1137 2014">
     <span class='ocr_line' id='line_1_13' title="bbox 13 1498 1097 1589; baseline -0.004 -19"><span class='ocrx_word' id='word_1_82' title='bbox 13 1498 58 1570; x_wconf 76' lang='grc' dir='ltr'><em>λη’</em></span> <span class='ocrx_word' id='word_1_83' title='bbox 171 1505 216 1568; x_wconf 78' lang='lat' dir='ltr'><em>To</em></span> <span class='ocrx_word' id='word_1_84' title='bbox 246 1501 282 1568; x_wconf 75' lang='grc' dir='ltr'><em>δέ</em></span> <span class='ocrx_word' id='word_1_85' title='bbox 311 1507 484 1589; x_wconf 86' lang='grc' dir='ltr'><em>μολόχην</em></span> <span class='ocrx_word' id='word_1_86' title='bbox 512 1505 757 1588; x_wconf 84' lang='grc' dir='ltr'><em>μεταφύτευε</em></span> <span class='ocrx_word' id='word_1_87' title='bbox 790 1504 875 1588; x_wconf 83' lang='grc' dir='ltr'><em>μέν,</em></span> <span class='ocrx_word' id='word_1_88' title='bbox 908 1506 956 1587; x_wconf 88' lang='grc' dir='ltr'><em>μῆ</em></span> <span class='ocrx_word' id='word_1_89' title='bbox 986 1506 1097 1568; x_wconf 82' lang='grc' dir='ltr'><em>ἔσθιε</em></span> 
     </span>
     <span class='ocr_line' id='line_1_14' title="bbox 77 1607 1097 1697; baseline -0.002 -23"><span class='ocrx_word' id='word_1_90' title='bbox 77 1609 135 1693; x_wconf 85' lang='grc' dir='ltr'><em>δέ,</em></span> <span class='ocrx_word' id='word_1_91' title='bbox 165 1611 342 1675; x_wconf 77' lang='grc' dir='ltr'><em>αἰνίττεται</em></span> <span class='ocrx_word' id='word_1_92' title='bbox 370 1607 431 1695; x_wconf 74' lang='grc' dir='ltr'><em>μὲν</em></span> <span class='ocrx_word' id='word_1_93' title='bbox 461 1611 512 1674; x_wconf 84' lang='grc' dir='ltr'><em>ὁτι</em></span> <span class='ocrx_word' id='word_1_94' title='bbox 540 1608 756 1692; x_wconf 86' lang='grc' dir='ltr'><em>συντρέπεται</em></span> <span class='ocrx_word' id='word_1_95' title='bbox 783 1618 828 1697; x_wconf 76' lang='grc' dir='ltr'><em>τῷ</em></span> <span class='ocrx_word' id='word_1_96' title='bbox 857 1610 939 1696; x_wconf 78' lang='grc' dir='ltr'><em>ἡλίῳ</em></span> <span class='ocrx_word' id='word_1_97' title='bbox 968 1610 1008 1673; x_wconf 86' lang='grc' dir='ltr'><em>τά</em></span> <span class='ocrx_word' id='word_1_98' title='bbox 1031 1633 1097 1673; x_wconf 86' lang='grc' dir='ltr'><em>τοι-</em></span> 
     </span>
     <span class='ocr_line' id='line_1_15' title="bbox 76 1711 1097 1800; baseline -0.002 -20"><span class='ocrx_word' id='word_1_99' title='bbox 76 1725 162 1780; x_wconf 84' lang='grc' dir='ltr'><em>αῦτα</em></span> <span class='ocrx_word' id='word_1_100' title='bbox 186 1716 275 1800; x_wconf 81' lang='grc' dir='ltr'><em>φυτὰ</em></span> <span class='ocrx_word' id='word_1_101' title='bbox 298 1715 353 1782; x_wconf 88' lang='grc' dir='ltr'><em>καλ</em></span> <span class='ocrx_word' id='word_1_102' title='bbox 376 1727 580 1800; x_wconf 79' lang='grc' dir='ltr'><em>παρατηρεῖν</em></span> <span class='ocrx_word' id='word_1_103' title='bbox 605 1714 694 1792; x_wconf 80' lang='grc' dir='ltr'><em>ἄξιοί</em></span> <span class='ocrx_word' id='word_1_104' title='bbox 713 1724 823 1798; x_wconf 88' lang='grc' dir='ltr'><em>τοῦτο,</em></span> <span class='ocrx_word' id='word_1_105' title='bbox 846 1718 1037 1798; x_wconf 74' lang='grc' dir='ltr'><em>πρόσκειται</em></span> <span class='ocrx_word' id='word_1_106' title='bbox 1060 1711 1097 1778; x_wconf 73' lang='grc' dir='ltr'><em>δέ</em></span> 
     </span>
     <span class='ocr_line' id='line_1_16' title="bbox 75 1820 1137 1907; baseline -0.003 -22"><span class='ocrx_word' id='word_1_107' title='bbox 75 1822 115 1885; x_wconf 88' lang='grc' dir='ltr'><em>τὸ</em></span> <span class='ocrx_word' id='word_1_108' title='bbox 144 1824 402 1907; x_wconf 86' lang='grc' dir='ltr'><em>μεταφύτευε,</em></span> <span class='ocrx_word' id='word_1_109' title='bbox 436 1820 607 1887; x_wconf 83' lang='grc' dir='ltr'><em>τουτέστιν</em></span> <span class='ocrx_word' id='word_1_110' title='bbox 636 1821 768 1897; x_wconf 80' lang='grc' dir='ltr'><em>ἐπιστάς</em></span> <span class='ocrx_word' id='word_1_111' title='bbox 796 1828 834 1904; x_wconf 91' lang='grc' dir='ltr'><em>τῆ</em></span> <span class='ocrx_word' id='word_1_112' title='bbox 864 1820 966 1885; x_wconf 86' lang='grc' dir='ltr'><em>αὐτοῦ</em></span> <span class='ocrx_word' id='word_1_113' title='bbox 996 1821 1096 1903; x_wconf 87' lang='grc' dir='ltr'><em>φύσει</em></span> <span class='ocrx_word' id='word_1_114' title='bbox 1112 1840 1137 1880; x_wconf 77' lang='grc' dir='ltr'><em>ιο</em></span> 
     </span>
     <span class='ocr_line' id='line_1_17' title="bbox 75 1926 1097 2014; baseline -0.001 -22"><span class='ocrx_word' id='word_1_115' title='bbox 75 1926 133 1993; x_wconf 78' lang='grc' dir='ltr'><em>καὶ</em></span> <span class='ocrx_word' id='word_1_116' title='bbox 155 1937 193 2013; x_wconf 88' lang='grc' dir='ltr'><em>τῆ</em></span> <span class='ocrx_word' id='word_1_117' title='bbox 214 1931 295 2014; x_wconf 89' lang='grc' dir='ltr'><em>πρὸς</em></span> <span class='ocrx_word' id='word_1_118' title='bbox 312 1931 372 1994; x_wconf 90' lang='grc' dir='ltr'><em>τὸν</em></span> <span class='ocrx_word' id='word_1_119' title='bbox 391 1931 488 2013; x_wconf 87' lang='grc' dir='ltr'><em>ῆλιον</em></span> <span class='ocrx_word' id='word_1_120' title='bbox 512 1929 660 1992; x_wconf 79' lang='grc' dir='ltr'><em>διατάσει</em></span> <span class='ocrx_word' id='word_1_121' title='bbox 683 1926 737 1992; x_wconf 81' lang='grc' dir='ltr'><em>καὶ</em></span> <span class='ocrx_word' id='word_1_122' title='bbox 758 1930 948 2013; x_wconf 77' lang='grc' dir='ltr'><em>συμπαθείᾳ</em></span> <span class='ocrx_word' id='word_1_123' title='bbox 972 1927 1016 2010; x_wconf 82' lang='grc' dir='ltr'><em>μῆ</em></span> <span class='ocrx_word' id='word_1_124' title='bbox 1041 1927 1097 2011; x_wconf 91' lang='grc' dir='ltr'><em>άρ-</em></span> 
     </span>
    </p>

    <p class='ocr_par' dir='ltr' id='par_1_6' title="bbox 10 2031 1139 2764">
     <span class='ocr_line' id='line_1_18' title="bbox 10 2031 1097 2122; baseline -0.001 -23"><span class='ocrx_word' id='word_1_125' title='bbox 10 2044 141 2099; x_wconf 59' lang='lat' dir='ltr'><em>‹motos›</em></span> <span class='ocrx_word' id='word_1_126' title='bbox 173 2031 256 2120; x_wconf 66' lang='grc' dir='ltr'><em>μηδὲ</em></span> <span class='ocrx_word' id='word_1_127' title='bbox 289 2032 421 2121; x_wconf 80' lang='grc' dir='ltr'><em>ἐπίμενε</em></span> <span class='ocrx_word' id='word_1_128' title='bbox 453 2038 544 2122; x_wconf 79' lang='grc' dir='ltr'><em>μόνω</em></span> <span class='ocrx_word' id='word_1_129' title='bbox 577 2035 701 2122; x_wconf 78' lang='grc' dir='ltr'><em>τούτῳ,</em></span> <span class='ocrx_word' id='word_1_130' title='bbox 735 2034 817 2100; x_wconf 87' lang='grc' dir='ltr'><em>άλλά</em></span> <span class='ocrx_word' id='word_1_131' title='bbox 849 2036 910 2117; x_wconf 86' lang='grc' dir='ltr'><em>τῆν</em></span> <span class='ocrx_word' id='word_1_132' title='bbox 943 2033 1097 2098; x_wconf 92' lang='grc' dir='ltr'><em>διάνοιαν</em></span> 
     </span>
     <span class='ocr_line' id='line_1_19' title="bbox 77 2138 1097 2225; baseline -0.002 -19"><span class='ocrx_word' id='word_1_133' title='bbox 77 2144 272 2225; x_wconf 81' lang='grc' dir='ltr'><em>μεταβίβαζε</em></span> <span class='ocrx_word' id='word_1_134' title='bbox 296 2139 350 2205; x_wconf 81' lang='grc' dir='ltr'><em>καὶ</em></span> <span class='ocrx_word' id='word_1_135' title='bbox 374 2140 496 2205; x_wconf 80' lang='grc' dir='ltr'><em>ὡσανεὶ</em></span> <span class='ocrx_word' id='word_1_136' title='bbox 516 2140 721 2225; x_wconf 82' lang='grc' dir='ltr'><em>μεταφύτευε</em></span> <span class='ocrx_word' id='word_1_137' title='bbox 739 2139 795 2206; x_wconf 83' lang='grc' dir='ltr'><em>καὶ</em></span> <span class='ocrx_word' id='word_1_138' title='bbox 814 2138 867 2206; x_wconf 81' lang='grc' dir='ltr'><em>ἐπὶ</em></span> <span class='ocrx_word' id='word_1_139' title='bbox 890 2143 930 2205; x_wconf 84' lang='grc' dir='ltr'><em>τά</em></span> <span class='ocrx_word' id='word_1_140' title='bbox 954 2140 1097 2225; x_wconf 80' lang='grc' dir='ltr'><em>ὁμογενῆ</em></span> 
     </span>
     <span class='ocr_line' id='line_1_20' title="bbox 78 2244 1097 2334; baseline -0.002 -23"><span class='ocrx_word' id='word_1_141' title='bbox 78 2249 170 2331; x_wconf 85' lang='grc' dir='ltr'><em>φυτά</em></span> <span class='ocrx_word' id='word_1_142' title='bbox 192 2246 248 2312; x_wconf 84' lang='grc' dir='ltr'><em>καὶ</em></span> <span class='ocrx_word' id='word_1_143' title='bbox 271 2246 398 2331; x_wconf 83' lang='grc' dir='ltr'><em>λάχανα</em></span> <span class='ocrx_word' id='word_1_144' title='bbox 420 2244 475 2311; x_wconf 81' lang='grc' dir='ltr'><em>καὶ</em></span> <span class='ocrx_word' id='word_1_145' title='bbox 494 2245 548 2312; x_wconf 81' lang='grc' dir='ltr'><em>ἐπὶ</em></span> <span class='ocrx_word' id='word_1_146' title='bbox 571 2249 610 2311; x_wconf 86' lang='grc' dir='ltr'><em>τά</em></span> <span class='ocrx_word' id='word_1_147' title='bbox 632 2249 675 2331; x_wconf 86' lang='grc' dir='ltr'><em>μῆ</em></span> <span class='ocrx_word' id='word_1_148' title='bbox 701 2247 844 2331; x_wconf 85' lang='grc' dir='ltr'><em>ὁμογενῆ</em></span> <span class='ocrx_word' id='word_1_149' title='bbox 865 2245 929 2328; x_wconf 78' lang='grc' dir='ltr'><em>[δὲ]</em></span> <span class='ocrx_word' id='word_1_150' title='bbox 951 2250 1015 2334; x_wconf 74' lang='grc' dir='ltr'><em>ζῷα</em></span> <span class='ocrx_word' id='word_1_151' title='bbox 1034 2248 1097 2329; x_wconf 80' lang='grc' dir='ltr'><em>ἤδη</em></span> 
     </span>
     <span class='ocr_line' id='line_1_21' title="bbox 76 2351 1139 2437; baseline -0.006 -19"><span class='ocrx_word' id='word_1_152' title='bbox 76 2351 134 2418; x_wconf 86' lang='grc' dir='ltr'><em>καὶ</em></span> <span class='ocrx_word' id='word_1_153' title='bbox 167 2358 286 2429; x_wconf 90' lang='grc' dir='ltr'><em>λίθους</em></span> <span class='ocrx_word' id='word_1_154' title='bbox 318 2352 372 2417; x_wconf 85' lang='grc' dir='ltr'><em>καὶ</em></span> <span class='ocrx_word' id='word_1_155' title='bbox 406 2356 574 2437; x_wconf 87' lang='grc' dir='ltr'><em>ποταμοὺς</em></span> <span class='ocrx_word' id='word_1_156' title='bbox 606 2351 660 2416; x_wconf 82' lang='grc' dir='ltr'><em>καὶ</em></span> <span class='ocrx_word' id='word_1_157' title='bbox 692 2352 800 2428; x_wconf 86' lang='grc' dir='ltr'><em>πάσας</em></span> <span class='ocrx_word' id='word_1_158' title='bbox 829 2352 938 2428; x_wconf 84' lang='grc' dir='ltr'><em>ἁπλῶς</em></span> <span class='ocrx_word' id='word_1_159' title='bbox 967 2353 1098 2434; x_wconf 83' lang='grc' dir='ltr'><em>φύσεις·</em></span> <span class='ocrx_word' id='word_1_160' title='bbox 1114 2372 1139 2411; x_wconf 84' lang='grc' dir='ltr'><em>νο</em></span> 
     </span>
     <span class='ocr_line' id='line_1_22' title="bbox 77 2456 1099 2544; baseline -0.002 -20"><span class='ocrx_word' id='word_1_161' title='bbox 77 2461 250 2544; x_wconf 87' lang='grc' dir='ltr'><em>πολύχουν</em></span> <span class='ocrx_word' id='word_1_162' title='bbox 286 2461 349 2544; x_wconf 84' lang='grc' dir='ltr'><em>γὰρ</em></span> <span class='ocrx_word' id='word_1_163' title='bbox 386 2459 537 2543; x_wconf 86' lang='grc' dir='ltr'><em>εὑρῆσεις</em></span> <span class='ocrx_word' id='word_1_164' title='bbox 569 2456 624 2522; x_wconf 84' lang='grc' dir='ltr'><em>καὶ</em></span> <span class='ocrx_word' id='word_1_165' title='bbox 656 2458 869 2542; x_wconf 87' lang='grc' dir='ltr'><em>πολύτροπον</em></span> <span class='ocrx_word' id='word_1_166' title='bbox 902 2461 1099 2542; x_wconf 91' lang='grc' dir='ltr'><em>θαυμασίως</em></span> 
     </span>
     <span class='ocr_line' id='line_1_23' title="bbox 79 2561 1099 2649; baseline -0.001 -19"><span class='ocrx_word' id='word_1_167' title='bbox 79 2563 118 2630; x_wconf 72' lang='grc' dir='ltr'><em>δὲ</em></span> <span class='ocrx_word' id='word_1_168' title='bbox 141 2562 280 2643; x_wconf 77' lang='grc' dir='ltr'><em>δαψιλὲς</em></span> <span class='ocrx_word' id='word_1_169' title='bbox 302 2567 339 2630; x_wconf 89' lang='grc' dir='ltr'><em>τὸ</em></span> <span class='ocrx_word' id='word_1_170' title='bbox 362 2575 420 2649; x_wconf 91' lang='grc' dir='ltr'><em>τῆς</em></span> <span class='ocrx_word' id='word_1_171' title='bbox 443 2574 503 2630; x_wconf 86' lang='grc' dir='ltr'><em>τοῦ</em></span> <span class='ocrx_word' id='word_1_172' title='bbox 522 2568 649 2648; x_wconf 89' lang='grc' dir='ltr'><em>κόσμου</em></span> <span class='ocrx_word' id='word_1_173' title='bbox 669 2562 817 2639; x_wconf 83' lang='grc' dir='ltr'><em>ἑνώσεως</em></span> <span class='ocrx_word' id='word_1_174' title='bbox 840 2561 895 2627; x_wconf 84' lang='grc' dir='ltr'><em>καὶ</em></span> <span class='ocrx_word' id='word_1_175' title='bbox 914 2567 1099 2649; x_wconf 87' lang='grc' dir='ltr'><em>συμπνοίας</em></span> 
     </span>
     <span class='ocr_line' id='line_1_24' title="bbox 80 2669 1099 2764; baseline 0 -28"><span class='ocrx_word' id='word_1_176' title='bbox 80 2675 296 2757; x_wconf 84' lang='grc' dir='ltr'><em>σημαντικόν,</em></span> <span class='ocrx_word' id='word_1_177' title='bbox 321 2671 431 2754; x_wconf 78' lang='grc' dir='ltr'><em>ὥσπερ</em></span> <span class='ocrx_word' id='word_1_178' title='bbox 456 2671 519 2764; x_wconf 86' lang='grc' dir='ltr'><em>άπὸ</em></span> <span class='ocrx_word' id='word_1_179' title='bbox 544 2672 634 2756; x_wconf 81' lang='grc' dir='ltr'><em>ῥίζης</em></span> <span class='ocrx_word' id='word_1_180' title='bbox 657 2669 711 2736; x_wconf 78' lang='grc' dir='ltr'><em>καὶ</em></span> <span class='ocrx_word' id='word_1_181' title='bbox 736 2671 900 2754; x_wconf 84' lang='grc' dir='ltr'><em>άφετῆρος</em></span> <span class='ocrx_word' id='word_1_182' title='bbox 922 2680 979 2754; x_wconf 84' lang='grc' dir='ltr'><em>τῆς</em></span> <span class='ocrx_word' id='word_1_183' title='bbox 1002 2674 1099 2757; x_wconf 87' lang='grc' dir='ltr'><em>μολό-</em></span> 
     </span>
    </p>

    <p class='ocr_par' dir='ltr' id='par_1_7' title="bbox 10 2773 1191 3075">
     <span class='ocr_line' id='line_1_25' title="bbox 10 2773 1100 2863; baseline 0.006 -29"><span class='ocrx_word' id='word_1_184' title='bbox 10 2797 66 2835; x_wconf 76' lang='grc' dir='ltr'><em>ιεΚ.</em></span> <span class='ocrx_word' id='word_1_185' title='bbox 80 2803 141 2863; x_wconf 86' lang='grc' dir='ltr'><em>χης</em></span> <span class='ocrx_word' id='word_1_186' title='bbox 165 2777 366 2863; x_wconf 84' lang='grc' dir='ltr'><em>ὡρμημένος.</em></span> <span class='ocrx_word' id='word_1_187' title='bbox 414 2779 454 2843; x_wconf 91' lang='grc' dir='ltr'><em>οὐ</em></span> <span class='ocrx_word' id='word_1_188' title='bbox 473 2781 581 2862; x_wconf 85' lang='grc' dir='ltr'><em>μόνον</em></span> <span class='ocrx_word' id='word_1_189' title='bbox 602 2773 664 2842; x_wconf 82' lang='grc' dir='ltr'><em>οὖν</em></span> <span class='ocrx_word' id='word_1_190' title='bbox 684 2778 727 2861; x_wconf 87' lang='grc' dir='ltr'><em>μῆ</em></span> <span class='ocrx_word' id='word_1_191' title='bbox 747 2780 840 2842; x_wconf 82' lang='grc' dir='ltr'><em>ἔσθιε</em></span> <span class='ocrx_word' id='word_1_192' title='bbox 859 2775 942 2861; x_wconf 76' lang='grc' dir='ltr'><em>μηδὲ</em></span> <span class='ocrx_word' id='word_1_193' title='bbox 962 2778 1100 2861; x_wconf 82' lang='grc' dir='ltr'><em>άφάνιζε</em></span> 
     </span>
     <span class='ocr_line' id='line_1_26' title="bbox 78 2878 1191 2969; baseline -0.007 -20"><span class='ocrx_word' id='word_1_194' title='bbox 78 2887 138 2962; x_wconf 79' lang='grc' dir='ltr'><em>τὰς</em></span> <span class='ocrx_word' id='word_1_195' title='bbox 160 2887 315 2962; x_wconf 89' lang='grc' dir='ltr'><em>τοιαύτας</em></span> <span class='ocrx_word' id='word_1_196' title='bbox 337 2888 590 2969; x_wconf 86' lang='grc' dir='ltr'><em>παρατηρήσεις,</em></span> <span class='ocrx_word' id='word_1_197' title='bbox 615 2883 698 2947; x_wconf 89' lang='grc' dir='ltr'><em>άλλδι</em></span> <span class='ocrx_word' id='word_1_198' title='bbox 721 2881 776 2948; x_wconf 84' lang='grc' dir='ltr'><em>καὶ</em></span> <span class='ocrx_word' id='word_1_199' title='bbox 795 2878 872 2961; x_wconf 84' lang='grc' dir='ltr'><em>αὖξε</em></span> <span class='ocrx_word' id='word_1_200' title='bbox 895 2882 950 2947; x_wconf 82' lang='grc' dir='ltr'><em>καὶ</em></span> <span class='ocrx_word' id='word_1_201' title='bbox 973 2889 1099 2967; x_wconf 89' lang='grc' dir='ltr'><em>πληθο-</em></span> <span class='ocrx_word' id='word_1_202' title='bbox 1115 2902 1140 2942; x_wconf 82' lang='lat'><em>25</em></span> <span class='ocrx_word' id='word_1_203' title='bbox 1187 2909 1191 2912; x_wconf 92' lang='lat'>·</span> 
     </span>
     <span class='ocr_line' id='line_1_27' title="bbox 79 2991 610 3075; baseline -0.004 -18"><span class='ocrx_word' id='word_1_204' title='bbox 79 2995 170 3057; x_wconf 88' lang='grc' dir='ltr'><em>ποίει</em></span> <span class='ocrx_word' id='word_1_205' title='bbox 195 2994 292 3075; x_wconf 93' lang='grc' dir='ltr'><em>δίκην</em></span> <span class='ocrx_word' id='word_1_206' title='bbox 315 2991 610 3075; x_wconf 83' lang='grc' dir='ltr'><em>μεταφντεύοντος.</em></span> 
     </span>
    </p>

    <p class='ocr_par' dir='ltr' id='par_1_8' title="bbox 19 3094 1101 3396">
     <span class='ocr_line' id='line_1_28' title="bbox 19 3094 1101 3181; baseline 0.002 -23"><span class='ocrx_word' id='word_1_207' title='bbox 19 3102 63 3158; x_wconf 67' lang='grc' dir='ltr'><em>λθ</em></span> <span class='ocrx_word' id='word_1_208' title='bbox 176 3101 221 3163; x_wconf 89' lang='grc' dir='ltr'><em>Τὸ</em></span> <span class='ocrx_word' id='word_1_209' title='bbox 252 3094 288 3163; x_wconf 71' lang='grc' dir='ltr'><em>δὲ</em></span> <span class='ocrx_word' id='word_1_210' title='bbox 316 3096 499 3181; x_wconf 81' lang='grc' dir='ltr'><em>ἐμψύχων</em></span> <span class='ocrx_word' id='word_1_211' title='bbox 524 3094 670 3181; x_wconf 85' lang='grc' dir='ltr'><em>άπέχου</em></span> <span class='ocrx_word' id='word_1_212' title='bbox 698 3094 750 3161; x_wconf 80' lang='grc' dir='ltr'><em>ἐπὶ</em></span> <span class='ocrx_word' id='word_1_213' title='bbox 779 3096 998 3178; x_wconf 91' lang='grc' dir='ltr'><em>δικαιοσύνην</em></span> <span class='ocrx_word' id='word_1_214' title='bbox 1020 3118 1101 3180; x_wconf 91' lang='grc' dir='ltr'><em>προ-</em></span> 
     </span>
     <span class='ocr_line' id='line_1_29' title="bbox 80 3200 1100 3290; baseline -0.006 -20"><span class='ocrx_word' id='word_1_215' title='bbox 80 3202 194 3290; x_wconf 91' lang='grc' dir='ltr'><em>τρέπει</em></span> <span class='ocrx_word' id='word_1_216' title='bbox 212 3205 267 3270; x_wconf 78' lang='grc' dir='ltr'><em>καί</em></span> <span class='ocrx_word' id='word_1_217' title='bbox 285 3212 394 3270; x_wconf 83' lang='grc' dir='ltr'><em>πᾶσαν</em></span> <span class='ocrx_word' id='word_1_218' title='bbox 413 3203 474 3285; x_wconf 84' lang='grc' dir='ltr'><em>τῆν</em></span> <span class='ocrx_word' id='word_1_219' title='bbox 493 3211 553 3267; x_wconf 87' lang='grc' dir='ltr'><em>τοῦ</em></span> <span class='ocrx_word' id='word_1_220' title='bbox 573 3212 758 3285; x_wconf 87' lang='grc' dir='ltr'><em>συγγενοῦς</em></span> <span class='ocrx_word' id='word_1_221' title='bbox 774 3203 872 3286; x_wconf 83' lang='grc' dir='ltr'><em>τιμῆν</em></span> <span class='ocrx_word' id='word_1_222' title='bbox 890 3200 945 3266; x_wconf 83' lang='grc' dir='ltr'><em>καὶ</em></span> <span class='ocrx_word' id='word_1_223' title='bbox 964 3203 1025 3284; x_wconf 84' lang='grc' dir='ltr'><em>τῆν</em></span> <span class='ocrx_word' id='word_1_224' title='bbox 1043 3211 1100 3284; x_wconf 79' lang='grc' dir='ltr'><em>τῆς</em></span> 
     </span>
     <span class='ocr_line' id='line_1_30' title="bbox 81 3307 1100 3396; baseline -0.005 -19"><span class='ocrx_word' id='word_1_225' title='bbox 81 3312 200 3396; x_wconf 89' lang='grc' dir='ltr'><em>ὁμοίας</em></span> <span class='ocrx_word' id='word_1_226' title='bbox 220 3315 301 3395; x_wconf 80' lang='grc' dir='ltr'><em>ζωῆς</em></span> <span class='ocrx_word' id='word_1_227' title='bbox 320 3309 490 3393; x_wconf 86' lang='grc' dir='ltr'><em>άποδοχῆν</em></span> <span class='ocrx_word' id='word_1_228' title='bbox 509 3307 665 3393; x_wconf 80' lang='grc' dir='ltr'><em>καὶπρὸς</em></span> <span class='ocrx_word' id='word_1_229' title='bbox 683 3308 778 3394; x_wconf 79' lang='grc' dir='ltr'><em>ἕτερα</em></span> <span class='ocrx_word' id='word_1_230' title='bbox 799 3317 934 3373; x_wconf 86' lang='grc' dir='ltr'><em>τοιαῦτα</em></span> <span class='ocrx_word' id='word_1_231' title='bbox 953 3311 1100 3373; x_wconf 91' lang='grc' dir='ltr'><em>πλείονα.</em></span> 
     </span>
    </p>
   </div>
   <div class='ocr_carea' id='block_1_4' title="bbox 81 3463 1113 3607">
    <p class='ocr_par' dir='ltr' id='par_1_9' title="bbox 81 3463 1113 3607">
     <span class='ocr_line' id='line_1_31' title="bbox 154 3463 1113 3538; baseline -0.01 -16"><span class='ocrx_word' id='word_1_232' title='bbox 154 3473 172 3522; x_wconf 83' lang='grc'>4</span> <span class='ocrx_word' id='word_1_233' title='bbox 191 3468 353 3537; x_wconf 79' lang='grc' dir='ltr'><em>διαβάθρας</em></span> <span class='ocrx_word' id='word_1_234' title='bbox 372 3466 552 3537; x_wconf 75' lang='lat' dir='ltr'>Scaliger(?);</span> <span class='ocrx_word' id='word_1_235' title='bbox 572 3466 606 3521; x_wconf 86' lang='lat' dir='ltr'><em>cf.</em></span> <span class='ocrx_word' id='word_1_236' title='bbox 622 3466 727 3523; x_wconf 59' lang='lat' dir='ltr'><em>Praese.</em></span> <span class='ocrx_word' id='word_1_237' title='bbox 746 3464 795 3521; x_wconf 78' lang='grc' dir='ltr'><em>διὰ</em></span> <span class='ocrx_word' id='word_1_238' title='bbox 810 3463 998 3538; x_wconf 49' lang='grc' dir='ltr'><em>βάθραςῆῖὁ</em></span> <span class='ocrx_word' id='word_1_239' title='bbox 1012 3463 1050 3514; x_wconf 59' lang='grc' dir='ltr'><em>δε</em></span> <span class='ocrx_word' id='word_1_240' title='bbox 1061 3466 1113 3513; x_wconf 54' lang='grc' dir='ltr'><em>δε.-</em></span> 
     </span>
     <span class='ocr_line' id='line_1_32' title="bbox 81 3537 377 3607; baseline 0 -15"><span class='ocrx_word' id='word_1_241' title='bbox 81 3539 150 3592; x_wconf 83' lang='lat' dir='ltr'>levi:</span> <span class='ocrx_word' id='word_1_242' title='bbox 169 3557 201 3606; x_wconf 83' lang='grc' dir='ltr'><em>γε</em></span> <span class='ocrx_word' id='word_1_243' title='bbox 214 3539 327 3607; x_wconf 75' lang='lat' dir='ltr'><em>scripsit</em></span> <span class='ocrx_word' id='word_1_244' title='bbox 343 3537 377 3592; x_wconf 91' lang='lat' dir='ltr'><em>K.</em></span> 
     </span>
    </p>
   </div>
   <div class='ocr_carea' id='block_1_5' title="bbox 0 0 1223 3848">
    <p class='ocr_par' dir='ltr' id='par_1_10' title="bbox 0 0 1223 3848">
     <span class='ocr_line' id='line_1_33' title="bbox 0 0 1223 3848; baseline 0 0"><span class='ocrx_word' id='word_1_245' title='bbox 0 0 1223 3848; x_wconf 95' lang='lat' dir='ltr'><em> </em></span> 
     </span>
    </p>
   </div>
  </div>
 </body>
</html>
