2430 3848
117 171 159 236 82
525 168 717 225 IAMBLICHI

117 345 188 416 φῶς
219 331 275 398 καὶ
307 333 366 396 τὸν
397 332 519 397 τούτου
551 332 670 416 κύριον
701 339 857 416 τεκοῦσα,
890 335 927 397 ἒν
957 355 992 397 τε
1021 341 1134 420 νοητῷ

117 438 199 521 αύτῆ
220 441 319 525 κυρία
337 438 501 520 ἀληθειαν
518 435 574 502 καὶ
592 446 677 504 νοῦν
695 437 915 523 παρεχομένη,
937 435 992 503 καὶ
1011 439 1062 503 ότι
1081 439 1136 505 δεῖ

116 545 240 628 ταύτην
269 547 354 610 ίδεῖυ
381 546 442 610 τὸν
469 542 632 628 μέλλοντα
655 543 831 628 ἐμφρόνως
857 544 995 629 πράξειν
1017 543 1038 627 ἣ
1064 545 1136 632 ἰδία

116 650 136 734 ῆ
161 652 314 738 δημοσίᾳ.
356 652 387 715 εί
408 652 449 735 δῆ
473 659 572 715 τοῦτο
596 653 697 736 ἔργον
720 647 789 716 ἐστὶ
811 659 868 733 τῆς
890 651 1052 734 παιδείας,
1077 648 1136 716 καί

89 765 279 822 ετοσοῦτον
300 758 469 841 πρόκειται
492 757 530 819 τὸ
551 755 718 841 διάφορον
737 755 838 839 αὐτῆς
857 756 940 841 πρὸς
958 756 1020 839 τῆν
1038 755 1136 821 άπαι-

117 866 270 946 δευσίαν,
293 865 328 927 τί
348 861 391 927 διν
414 864 494 927 άλλο
518 861 654 947 ἁρμόζοι
677 860 698 945 ῆ
721 861 872 938 παιδείας
896 860 1135 945 ἀντιλαμβάνε-

117 975 200 1035 σθαι
231 966 286 1034 καὶ
316 971 532 1052 φιλοσοφίας,
564 977 632 1032 τῶν
661 963 698 1032 δὲ
729 975 793 1032 νύν
822 968 1015 1033 δοκούντων
1045 962 1134 1034 εἶναι

115 1076 413 1162 περισπουδάστων
442 1084 512 1152 τοῖς
540 1079 676 1150 πολλοῖς
705 1073 866 1159 ἀφίεσθαι
896 1075 941 1149 ὡς
971 1074 1134 1158 οὐδεμίαν

116 1181 261 1266 ἐχόντων
285 1184 331 1258 είς
355 1181 574 1264 εὐδαιμονίαν
597 1179 706 1263 ῥοπὴν
729 1178 919 1261 ἀξιόλογον;

76 1308 102 1348 10
205 1288 291 1354 XVI.
314 1285 387 1350 Ἔτι
401 1288 529 1368 τοίνυν,
549 1288 580 1350 εί
592 1295 695 1350 ταῦτα
710 1285 832 1369 άληθῆ,
853 1286 906 1349 δεῖ
921 1294 1042 1368 νοῆσαι
1056 1284 1135 1371 περὶ

117 1394 228 1458 αὐτῶν
249 1393 382 1456 τοιόνδε
404 1416 450 1475 τι,
479 1393 540 1475 τῆν
562 1392 718 1456 παιδείαν
741 1391 802 1476 οὐχ
827 1383 901 1456 οἷόν
923 1414 1011 1468 τινες
1034 1391 1134 1474 έπαγ-
1148 1411 1209 1451 2421

115 1500 314 1581 γελλόμενοί
334 1513 439 1581 φασιν
462 1492 559 1579 εἶναι,
586 1498 746 1579 τοιαύτην
768 1495 823 1562 καὶ
848 1492 942 1562 εἶναι.
988 1495 1072 1582 φασὶ
1097 1498 1138 1563 δέ

115 1627 181 1669 που
201 1603 262 1670 οὐκ
281 1603 422 1687 ἐνούσης
441 1603 478 1669 έν
494 1612 533 1688 τῆ
552 1613 641 1689 ψυχῆ
661 1603 839 1687 ἐπιστήμης
858 1603 1037 1686 ἐντιθέναι,
1058 1596 1134 1669 οἷον
1149 1621 1208 1662 99Δ

116 1716 254 1795 τυφλοῖς
277 1710 468 1795 ὀφθαλμοῖς
491 1712 571 1787 όψιν
595 1709 789 1786 ἐντιθέντας.
827 1709 844 1776 ὁ
869 1709 908 1775 δέ
929 1734 966 1792 γε
990 1718 1055 1775 νῦν
1078 1713 1135 1776 λό-

76 1837 101 1877 15
116 1841 175 1900 γος
198 1821 353 1901 σημαίνει
375 1818 500 1900 ταύτην
523 1818 584 1900 τῆν
608 1815 753 1882 ἐνοῦσαν
779 1813 903 1902 ἑκάστῳ
928 1817 1072 1900 δύναμιν
1097 1817 1136 1883 ἐν

115 1933 154 2010 τῆ
189 1932 278 2008 ψυχῆ
309 1922 365 1989 καὶ
396 1924 433 1988 τὸ
467 1925 614 2007 όργανον
647 1913 673 2008 ᾧ
705 1922 955 2006 καταμανθάνει
985 1921 1135 2006 ἕκαστος,

116 2022 190 2095 οἷον
219 2032 250 2096 εί
276 2031 365 2114 όμμα
393 2031 437 2114 μῆ
469 2030 615 2093 δυνατὸν
643 2023 686 2111 ῆν
713 2030 820 2105 άλλως
851 2026 871 2112 ἢ
901 2027 961 2106 ξὺν
991 2028 1057 2114 ὅλφ
1086 2037 1134 2116 τῷ

115 2137 241 2220 σώματι
270 2134 426 2221 στρέφειν
455 2137 537 2220 πρὸς
568 2136 606 2199 τὸ
639 2136 751 2219 φανὸν
781 2133 816 2199 ἐκ
842 2144 904 2199 τοῦ
933 2135 1135 2218 σκοτώδους,

116 2242 221 2318 οὕτως
245 2241 305 2320 ξὺν
329 2241 389 2326 ὅλη
413 2249 452 2325 τῆ
470 2249 559 2325 ψυχῆ
579 2241 614 2306 ἐκ
632 2250 692 2306 τοῦ
710 2239 914 2324 γιγνομένου
937 2239 1135 2325 περιακτέον

75 2367 101 2408 20
116 2343 217 2430 εἶναι,
246 2347 307 2425 ἕως
330 2347 371 2413 άν
395 2350 442 2425 είς
464 2350 501 2413 τὸ
531 2347 571 2413 δν
598 2345 736 2413 καὶτοῦ
760 2349 858 2424 ὄντος
879 2348 916 2411 τὸ
941 2350 1135 2431 φανότατον

117 2456 241 2539 δυνατῆ
268 2453 404 2539 γένηται
432 2452 637 2538 ἀνασχέσθαι
666 2451 835 2537 θεωμένη·
863 2463 962 2518 τοῦτο
989 2447 1019 2518 δ’
1047 2447 1139 2518 εἷναί

116 2585 226 2645 φαμεν
248 2561 407 2643 τάγαθόν.
453 2562 575 2626 τούτου
597 2563 715 2625 τοίνυν
744 2560 848 2624 αὐτοῦ
874 2558 972 2643 τέχνη
1001 2557 1043 2624 άν
1069 2566 1134 2643 είη,

115 2676 172 2750 τῆς
194 2675 415 2750 περιαγωγῆς,
444 2669 519 2731 τίνα
541 2669 666 2752 τρόπον
689 2666 734 2742 ὡς
756 2665 861 2751 ῥᾷστά
883 2689 918 2729 τε
941 2663 997 2730 καὶ
1020 2665 1134 2731 άνυσι-

115 2773 247 2859 μώτατα
266 2774 581 2857 μεταστραφήσεται,
606 2773 647 2837 οὐ
665 2782 725 2837 τοῦ
745 2772 921 2856 ἐμποιῆσαι
941 2770 1029 2857 αὐτῷ
1050 2771 1134 2856 <τὸ>

74 2899 100 2938 25
115 2880 210 2966 ὁρᾶν,
234 2877 373 2956 ἀλλ’ὡς
397 2882 506 2963 ἔχοντι
525 2877 586 2963 μὲν
604 2879 696 2962 αύτό,
721 2878 782 2943 ούκ
806 2878 918 2961 ὀρθῶς
942 2874 978 2941 δὲ
996 2900 1135 2963 τετραμ-

114 2984 203 3073 μένφ
228 2983 308 3050 οὐδὲ
330 2984 487 3069 βλέποντι
511 2977 546 3050 οἷ
566 2987 645 3068 ἔδει,
667 2993 766 3050 τοῦτο
791 2985 845 3048 δεῖ
864 2977 1132 3067 μηχανήσασθαι.

116 3093 153 3157 αλ
173 3088 235 3175 μὲν
257 3093 374 3156 τοίνυν
398 3093 494 3156 άλλαι
517 3088 630 3174 άρεταὶ
657 3091 858 3174 καλούμεναι
886 3098 994 3173 ψυχῆς
1016 3090 1132 3155 κινδυ-

115 3219 234 3226 .-..-—m
243 3220 290 3224 -.ΜΝ
317 3220 328 3224 -

205 3291 246 3339 10.
265 3303 293 3354 p.
308 3290 351 3353 83,
368 3290 400 3337 19
419 3282 490 3338 Plat.
510 3280 660 3338 Civit.V11
678 3303 704 3353 p.
721 3287 773 3338 518
784 3283 895 3335 3-519
907 3282 937 3335 B.

204 3468 220 3516 8
235 3457 376 3530 ἀφίεσθαι
386 3457 538 3529 (ἀφεῖσθαι
549 3460 673 3530 Scaliger
695 3460 796 3516 Cobet:
806 3453 984 3527 άφιεῖσθαιΙΙ
1000 3462 1032 3510 11
1043 3457 1130 3512 immo

97 3531 241 3584 οιῖινοαω
250 3533 305 3600 Pl(
316 3538 351 3586 12
361 3531 432 3603 φησὶ
443 3532 592 3605 compend.
601 3531 614 3606 ῆ
623 3538 656 3588 λθ
668 3533 761 3606 ‹32sz
769 3523 786 3586 δ
794 3525 890 3603 &mab
900 3527 964 3582 exP
977 3528 1089 3583 addidit
1098 3531 1129 3581 A.
