2430 3848
72 179 136 235 VIII
469 180 684 238 PRAEFATIO.

70 365 151 408 saec.
161 342 250 408 XVI.
268 380 305 389 —
321 343 379 410 IV.
392 342 496 410 Paris.
513 365 560 430 gr.
576 345 672 429 2093,
692 366 773 409 saec.
787 343 858 409 XV.
875 381 913 390 -
932 343 970 410 V.
984 344 1082 409 Marc.

71 448 150 513 Ven.
165 449 241 534 243,
259 470 340 514 saec.
360 449 431 515 XV.
452 487 489 496 -
513 449 569 514 VI.
590 447 724 534 Gizens„
743 471 824 515 saec.
841 450 928 515 XVI.
950 487 987 498 —
1009 450 1082 516 VII.

70 552 347 641 Franequersnus,
362 578 442 621 saec.
452 555 531 622 XVI
547 553 589 641 (a.
606 553 716 642 1548).
733 593 771 602 -
788 556 878 621 VIII.
888 556 1083 639 Memmian„

71 682 109 724 ex
134 682 198 745 quo
220 660 305 727 Sam.
323 661 498 726 Tennulius
522 665 673 745 quartum
693 661 864 726 Iamblichi
886 662 1006 727 librum
1031 661 1082 725 de-

71 768 210 853 scripsit.
236 803 274 814 -
302 766 357 831 IX.
380 767 544 851 Nespolit
562 766 611 831 IlI
629 768 729 851 1320,
753 788 834 832 saec.
853 765 969 854 XV1.¹)

142 891 330 957 Testimossc‘o
358 913 422 976 qua
449 891 540 975 potui
564 890 734 975 diligentia
758 891 883 976 collegi.
931 892 1019 968 Quae
1043 894 1084 956 ed

72 1020 141 1082 cap.
165 997 353 1062 vicesimum
377 997 524 1062 afferrem
546 997 639 1060 nulla
661 997 778 1061 inveni.
815 998 1026 1062 Aristotelem
1052 1002 1085 1062 et

72 1105 107 1169 in
136 1103 197 1168 hac
219 1103 414 1185 Protreptici
441 1105 533 1186 parte
560 1103 661 1167 latere
689 1103 814 1167 censuit
837 1102 961 1188 Hirzel,
989 1125 1084 1188 argu·

74 1214 185 1274 menta
209 1209 321 1274 attulit
345 1209 445 1273 nulla.
482 1208 565 1273 Item
589 1230 628 1272 ex
642 1209 820 1273 Aristotele
839 1209 970 1275 fluxisse
989 1213 1086 1293 putat

72 1317 164 1382 Diels
193 1313 238 1402 (p.
260 1315 326 1380 489
355 1314 593 1379 dissertationis
623 1315 657 1378 in
681 1313 827 1379 Addend.
851 1315 891 1379 ad
914 1338 944 1399 p.
963 1316 1020 1400 24,
1041 1318 1083 1379 14

76 1418 244 1508 laudatae)
268 1443 350 1506 quae
372 1422 524 1505 leguntur
544 1443 574 1505 p.
590 1422 619 1502 I,
635 1421 676 1486 12
691 1443 759 1506 sqq.
779 1420 931 1485 editionis
951 1426 1085 1486 nostrae

73 1532 106 1592 et
129 1529 265 1592 alterum
289 1527 480 1592 Iamblichei
499 1527 695 1611 Protreptici
719 1531 816 1611 eaput
843 1527 1085 1610 praenunciant.

74 1633 180 1698 Multa
203 1633 332 1718 quidem
355 1633 388 1697 in
407 1633 548 1697 medium
566 1633 710 1716 proferre
729 1637 877 1716 poteram
895 1633 1085 1698 testimonio

73 1741 130 1804 uhi
162 1738 250 1824 (esp.
275 1736 373 1825 XXI)
410 1738 448 1803 de
481 1737 644 1822 Symbolis
676 1739 907 1824 Pythagoricis
940 1739 1085 1823 disputat

73 1845 287 1930 lamblichus3
324 1844 410 1930 quod
444 1867 509 1909 non
540 1845 603 1909 feci
634 1867 675 1910 ne
707 1846 875 1932 πάρεργον
908 1848 1007 1932 ἔργον
1041 1844 1085 1922 ὣς

73 1958 247 2017 ποιεῖσθαι
270 1950 404 2016 viderer.

164 2075 291 2140 Indices
318 2075 394 2140 huie
422 2074 557 2140 editioni
581 2075 655 2139 addi
678 2075 767 2140 volui
790 2073 919 2161 du0s2),
947 2077 1086 2140 alterum

74 2183 244 2262 nomicum,
268 2181 443 2264 scriptores
466 2182 657 2264 praesertim
681 2182 884 2264 complexum
908 2204 987 2265 quos
1002 2181 1086 2246 Iam·

75 2286 203 2352 blichus
236 2287 426 2369 compilavit
456 2287 506 2352 vel
539 2287 818 2370 commemoravit,
851 2287 988 2352 alterum
1020 2310 1085 2352 oer-

75 2393 182 2459 bccum
218 2393 253 2457 in
291 2414 385 2476 quem
421 2392 531 2456 omnia
566 2393 681 2477 quihus
713 2393 817 2457 utitur
850 2393 1009 2458 vocabula
1040 2417 1087 2458 re·

77 2499 162 2584 cepi,
185 2503 315 2583 praeter
339 2520 420 2582 quae
444 2499 497 2563 vel
519 2498 692 2563 admodum
715 2498 865 2584 vulgaria
890 2503 1012 2584 essent,
1035 2502 1087 2564 vel

150 2727 176 2792 1)
196 2724 247 2779 His
262 2724 404 2780 codicibus
418 2725 517 2780 addas:
538 2729 561 2779 1.
577 2724 637 2780 eod.
648 2723 806 2780 Vindobon.
821 2724 940 2793 (Nessel,
955 2727 1037 2782 catal.
1049 2727 1088 2780 IV

76 2833 103 2884 p.
120 2821 191 2882 8sq.
211 2814 272 2870 cod.
291 2812 355 2882 XI);
374 2818 398 2866 2.
428 2813 488 2868 cod.
517 2812 674 2867 Monacens.
694 2818 746 2867 392
775 2830 858 2882 quem
887 2817 1089 2870 commemorat

76 2903 158 2969 Ross‚
178 2901 261 2958 Arist.
280 2902 380 2972 fragm.
400 2900 443 2957 ed.
463 2901 569 2955 Teubn.
588 2919 615 2969 p.
631 2907 679 2968 663
699 2907 723 2955 3.
744 2901 805 2956 eod.
820 2902 954 2957 Esooriel.
974 2901 1088 2971 (Graux,

76 2990 163 3046 Esset
180 3007 229 3045 sur
247 2992 272 3046 lc
290 2991 358 3057 fond
375 3006 437 3059 proc
455 2991 487 3044 dc
501 2989 596 3056 l'Esc.,
614 3007 641 3059 p.
657 2994 708 3044 265
728 2989 864 3043 Y—I-
876 2997 900 3058 1,
920 2990 954 3044 ef.
969 3009 996 3060 p.
1012 2997 1089 3057 442);

76 3085 102 3135 4.
126 3079 187 3134 cod.
210 3077 322 3134 Taurin.
347 3076 468 3147 (Pasini,
495 3078 579 3132 catal.
598 3079 611 3131 Ι
633 3096 660 3148 p.
679 3081 808 3149 bisso).
848 3078 886 3133 Et
912 3078 963 3133 hos
992 3095 1089 3133 omnes

77 3185 111 3223 ex
135 3185 192 3223 uno
218 3166 313 3223 codice
337 3165 500 3222 Florentino
524 3165 636 3221 fluxisse
662 3165 730 3221 satis
757 3183 896 3236 superque
920 3167 1000 3236 ipsse
1023 3168 1089 3221 Pro-

77 3256 190 3326 treptici
209 3258 239 3310 et
261 3255 326 3310 libri
349 3253 443 3324 quarti
461 3253 491 3308 in
509 3255 676 3310 Nicomachi
694 3256 909 3311 Arithmeticam
929 3256 1087 3325 inscriptio·

76 3360 126 3399 nes
146 3344 306 3400 ostendunt.

149 3436 177 3502 2)
201 3431 235 3485 In
256 3430 352 3485 Indice
374 3431 518 3487 nominum
541 3431 630 3487 latine
653 3430 752 3501 scripsi
775 3448 847 3500 quae
869 3433 907 3486 ad
928 3433 1091 3488 testimonia

78 3521 261 3590 pertinerent.
290 3519 375 3574 Uneis
394 3519 529 3576 adhibitis
548 3518 673 3576 indicavi
686 3536 758 3588 quae
773 3536 807 3575 ex
821 3519 941 3576 Scholiis
956 3522 1089 3591 excerpsi.
