2430 3848
123 178 164 241 72
529 177 719 232 IAMBLIOHI

122 342 274 427 δημοσίᾳ.
311 338 398 404 ἕντι
421 336 600 405 οὖντοῦτο
625 341 836 406 διανοεῖσθαι
856 341 908 404 δεῖ
925 337 1060 423 ἀληθές,
1085 338 1136 403 ὅτι

122 447 184 512 οὐκ
206 450 297 512 ἔσται
321 443 419 532 ἀνδρὶ
442 445 559 534 ἀγαθῷ
583 447 685 512 κακὸν
709 443 810 512 οὐδὲν
834 446 910 511 οὔτε
939 449 1035 524 ζῶντι
1058 445 1137 513 οὔτε

122 555 369 636 τελευτήσαντι,
407 549 486 617 οὐδὲ
524 552 689 636 ἀμελεῖται
721 552 786 619 ὑπὸ
817 560 910 618 θεῶν
941 553 982 616 τά
1013 551 1136 616 τούτου
1150 566 1206 608 844

122 659 311 745 πράγματα,
344 659 427 723 ὥστε
455 659 503 734 εἰς
534 657 653 723 ἑαυτὸν
684 659 929 745 διαυηρτησθαι
960 658 1068 723 πάντα
1094 658 1136 722 τά
1148 674 1207 715 21⁰1!

96 765 236 849 τάγαθά
268 765 308 830 τά
345 766 391 841 εἰς
428 763 646 848 εὐδαιμονίαν
678 763 838 852 φέροντα,
875 763 931 829 καὶ
963 764 981 830 ὁ
1013 765 1137 829 τούτου

124 871 286 955 ἐγγύτατα
304 869 612 956 παρεσκευασμένος
635 866 732 948 οὗτος
752 871 793 936 ἀν
812 871 952 956 μάλιστα
972 871 1136 956 μακαριώ·

123 999 220 1052 τατος
244 979 436 1060 διαζησειεν.
481 986 631 1042 τοιαῦται
655 980 803 1043 ἔστωσαν
826 976 882 1042 καὶ
909 977 947 1042 αἱ
971 976 1035 1042 ἀπὸ
1060 978 1137 1042 τού-

125 1105 191 1147 των
215 1080 268 1147 ἐπὶ
291 1083 352 1166 την
376 1084 423 1160 εἰς
445 1086 650 1168 φιλοσοφίαν
673 1084 866 1169 προτροπὴν
890 1085 1016 1169 ἔφοδοι.

217 1189 305 1254 XIV.
351 1193 417 1255 Δεῖ
451 1185 488 1254 δέ
523 1186 578 1253 καὶ
617 1189 680 1255 ἀπὸ
719 1199 779 1255 τοῦ
815 1193 893 1273 βίον
931 1200 998 1254 τῶν
1038 1213 1139 1275 κορυ-

84 1317 111 1356 10
124 1297 234 1380 φαίων
266 1294 303 1360 έν
335 1297 518 1380 φιλοσοφία
551 1295 684 1380 ἀνδρῶν
717 1294 883 1380 ἑπομένως
915 1307 986 1374 ταῖς
1019 1301 1139 1361 Πυθα-

124 1404 229 1486 γόρου
252 1401 439 1483 ὑποθηκαις
459 1401 665 1482 ποιήσασθαι
687 1403 749 1485 τὴν
772 1404 973 1488 προτροπην.
1020 1403 1055 1467 ολ
1074 1403 1139 1487 γάρ

125 1508 275 1570 τοιοῦτοί
302 1527 368 1570 πον
401 1505 437 1570 ἐκ
468 1503 555 1570 νέων
587 1516 719 1590 πρῶτον
751 1505 812 1592 μέν
844 1510 891 1585 εἰς
923 1508 1050 1594 ἀγορὰν
1078 1507 1141 1573 οὐκ

125 1617 216 1677 ῖσασι
247 1613 309 1696 τὴν
342 1611 438 1694 ὁδόν,
472 1607 552 1676 οὐδὲ
584 1612 669 1678 ὅπου
701 1615 916 1700 δικαστήριον
947 1614 967 1698 ἣ
1001 1617 1141 1698 βουλευ-

125 1721 242 1804 τήριον
269 1719 291 1802 ἤ
318 1741 350 1783 τι
372 1719 489 1783 κοινὸν
516 1718 597 1783 ἀλλο
624 1727 682 1802 τῆς
703 1723 830 1796 πόλεως
858 1717 1053 1806 συνέδριον,
1084 1724 1141 1785 νό-

86 1846 113 1887 15
127 1849 211 1910 μους
234 1821 271 1890 δὲ
294 1823 350 1890 καὶ
373 1827 567 1910 ψηφίσματα
594 1827 756 1908 λεγόμενα
781 1824 802 1909 ἢ
825 1825 1035 1911 γεγραμμένα
1064 1827 1142 1893 οὔτε

127 1932 252 2019 ὁρῶσιν
281 1931 358 1996 οὔτε
381 1930 555 1995 ἀκούουσι·
585 1928 727 1996 σπουδαὶ
752 1928 789 1996 δὲ
813 1929 983 2016 ἑταιρειῶν
1007 1930 1056 1997 ἐπ’
1084 1933 1143 2019 ἀρ-

122 2040 186 2125 χὰς
204 2037 260 2103 καλ
283 2037 423 2101 σύνοδοι
445 2033 500 2099 καὶ
524 2037 642 2100 δεῖπνα
664 2035 721 2101 καλ
743 2040 808 2102 σὺν
831 2038 1006 2124 αὐλητρίσι
1024 2050 1144 2124 κῶμοι,

128 2141 209 2210 οὐδὲ
228 2144 311 2228 ὄναρ
330 2142 485 2225 πράττειν
502 2144 719 2227 προσίσταται
737 2144 858 2222 αὐτοῖς.
892 2141 929 2210 εὖ
944 2141 1015 2229 δέη
1034 2157 1146 2224 κακῶς

127 2272 178 2326 τις
204 2247 344 2332 γέγονεν
371 2247 408 2312 ἐν
435 2250 544 2330 πόλει,
573 2248 593 2332 ἀ
621 2251 657 2314 τί
680 2272 726 2336 τφ
753 2253 856 2315 κακόν
883 2250 974 2316 ἐστιν
1003 2252 1038 2327 ἐκ
1062 2274 1145 2339 προ-

87 2358 241 2440 εογάνων
268 2356 407 2439 γεγονὸς
433 2353 453 2438 ἢ
481 2356 564 2438 πρὸς
591 2355 726 2441 ἀνδρῶν
753 2355 773 2439 ἢ
801 2368 986 2441 γυναικῶν,
1016 2363 1145 2442 μᾶλλον

128 2463 231 2528 αὐτὸν
263 2459 408 2545 λέληθεν
439 2459 459 2544 ἢ
493 2462 529 2526 οῖ
557 2471 614 2545 τῆς
645 2463 813 2546 θαλάττης
849 2464 1023 2546 λεγόμενοι
1058 2468 1142 2549 χόες.
1158 2465 1207 2559 ἐξ,

128 2566 309 2632 καὶταῦτα
332 2567 440 2631 πάντα
464 2562 538 2631 οὐδ’
562 2567 612 2631 ὅτι
636 2568 698 2632 οὐκ
720 2562 822 2652 οἶδεν,
847 2563 953 2634 οἶδεν·
977 2566 1057 2635 οὐδὲ
1080 2572 1145 2657 γάρ

130 2673 241 2738 αὐτῶν
265 2669 417 2756 ἀπέχεται
444 2680 504 2736 τοῦ
532 2672 723 2757 εὐδοκιμεῖν
749 2676 863 2760 χάριν,
893 2674 975 2741 ἀλλά
1002 2685 1047 2765 τῷ
1072 2680 1146 2744 ἀντι

128 2783 166 2846 τὸ
200 2791 293 2864 σῶμα
325 2780 431 2863 μόνον
461 2777 498 2843 ἐν
525 2785 565 2864 τῇ
597 2780 692 2845 πόλει
721 2791 825 2846 κεῖται
857 2782 961 2847 αὐτοῦ
988 2781 1044 2847 καὶ
1077 2783 1146 2850 ἐπι-

88 2909 115 2949 νι
131 2891 242 2972 δημεῖ,
267 2886 288 2969 ἡ
313 2882 350 2951 δὲ
374 2887 521 2969 διάνοια,
550 2895 654 2951 ταῦτα
677 2888 784 2953 πάντα
806 2887 998 2973 ἡγησαμένη
1023 2892 1146 2976 σμικρά

128 3014 343 3023 ..—---.—-—

219 3085 242 3133 1.
258 3083 275 3130 4
293 3077 365 3133 Plat.
380 3078 454 3148 apol.
470 3076 545 3133 Socr.
560 3097 587 3148 p.
602 3085 636 3133 41
646 3078 727 3133 Ο-Ι)
741 3083 781 3148 [14
800 3073 868 3134 ὥστε
890 3079 930 3143 εἰς
950 3076 1053 3136 ἑαυτὸν
1073 3083 1145 3154 κτλ]

129 3151 164 3208 οῖ,
179 3151 251 3205 Plat.
267 3148 374 3203 Menex.
386 3168 413 3219 p.
426 3147 508 3202 247E
523 3149 607 3218 (infra
620 3168 648 3219 p.
663 3155 706 3219 91,
721 3156 755 3205 26
764 3152 834 3219 sqq.)
849 3154 858 3220 ΙΙ
874 3158 915 3206 11.
930 3170 958 3221 p.
971 3151 1145 3223 77‚25P1at.

129 3222 244 3277 Theaet.
260 3239 286 3290 p.
304 3226 354 3274 173
366 3218 514 3275 0-17713.

219 3405 237 3453 4
251 3399 287 3467 δὴ
302 3394 498 3467 ἀνηρτῆσθαιῖ
511 3398 521 3466 ΙΙ
535 3378 617 3451 ὀτοέέ
631 3399 640 3467 λλ
655 3403 688 3453 18
698 3415 738 3466 sq.
750 3391 782 3453 εὖ
796 3396 828 3453 δὲ
844 3393 861 3468 ἢ
875 3401 969 3463 κακῶς
983 3403 1024 3463 τίς
1038 3403 1146 3470 (super-

122 3487 175 3525 εοτ,
197 3489 223 3522 τι
251 3468 373 3539 γέγονεν
397 3465 429 3525 ἐν
447 3464 528 3522 πόλει
550 3461 568 3535 ἦ
587 3469 617 3522 τί
632 3466 663 3522 ιδ
682 3466 771 3523 κακόν
790 3471 937 3539 (superscr.
956 3473 997 3534 τίς
1019 3472 1076 3526 τῶν
1095 3493 1146 3526 κα·

107 3539 183 3603 κῶν)
219 3556 284 3592 στιν
304 3536 338 3594 ἐκ
357 3534 512 3612 προγόνων
533 3536 661 3611 γεγονὼς
679 3540 758 3611 (εἰογ,
775 3540 859 3596 (Μ,
