2430 3848
105 166 149 229 24
517 164 706 219 1AMssmcH1

106 327 245 411 μάλιστα
283 324 413 410 ἐκείνην
446 327 508 410 τήν
545 327 727 410 ἐπιστήμην
763 328 966 410 κτήσασθαι,
1004 320 1048 390 δι’
1081 321 1123 410 ἧς

107 434 249 498 ἀτενίσει
267 454 318 508 τις
337 432 438 497 αὐτὸν
456 435 608 520 καθαρόν
622 429 678 498 καὶ
698 430 741 497 δι’
759 428 798 516 ής
811 437 970 497 πλατεῖαν
985 432 1123 516 εὑρήσει

105 541 168 622 τήν
185 540 268 622 πρὸς
287 539 389 604 αὐτὸν
408 543 546 625 πορείαν
565 538 620 605 καὶ
640 537 683 603 δι’
704 534 743 622 ἧς
761 540 801 603 τά
818 536 895 622 τέλη
914 549 986 615 ταῖς
1005 538 1122 624 ἀρχαῖς

107 645 258 722 συνάψει.
303 646 482 729 τελεωτάτη
515 647 578 729 γάρ
608 644 629 728 ἡ
656 646 792 728 τοιαύτη
828 645 890 728 ζωὴ
923 643 978 710 καὶ
1010 645 1123 710 εὐδαι-

81 754 222 836 5μονία,
261 750 370 817 οὐκέτι
407 752 633 836 διωρισμένως
669 753 710 817 τά
746 756 916 818 τελευταία
954 751 1017 816 ἀπὸ
1054 763 1122 816 τῶν

107 859 248 944 πρώτων
281 859 514 941 διακρίνουσα,
551 856 623 923 ἀλλ’
660 860 706 934 είς
739 860 776 923 ἓν
807 859 847 923 τά
884 860 1123 943 συναμφότερα
1154 865 1157 871 ’

101 972 210 1033 ,ταῦτα
234 966 446 1046 συλλαβοῦσα
470 962 571 1048 ἀρχάς
589 987 623 1030 τε
646 963 701 1029 καὶ
724 963 817 1040 τέλος
834 962 889 1028 καὶ
913 961 1017 1048 μέσον
1036 961 1124 1048 ὁμοῦ

108 1068 302 1154 συνέχουσα.
349 1070 485 1152 τοιαύτη
513 1071 576 1157 γάρ
605 1069 696 1135 ἐστιν
720 1069 740 1153 ή
764 1073 842 1136 θεία
870 1072 974 1152 αἰτία,
1004 1064 1043 1152 ής
1071 1071 1125 1135 δεῖ

108 1174 306 1259 ἀντέχεσθαι
329 1179 408 1252 τοὺς
431 1174 611 1260 μέλλοντας
634 1176 903 1260 εὐδαιμονήσειν.
950 1176 1036 1241 οὕτω
1060 1171 1124 1260 μὲν

70 1300 95 1338 10
110 1277 172 1347 οὖν
195 1281 215 1365 ή
238 1283 410 1366 προτροπή
438 1283 492 1346 διά
519 1282 653 1347 πάντων
682 1281 900 1360 διεξελθοῦσα
928 1291 996 1347 τῶν
1023 1304 1057 1346 τε
1085 1280 1124 1347 ἐν
1138 1301 1197 1342 απ.

109 1387 189 1471 ἡμῖν
208 1386 262 1453 καὶ
281 1399 348 1452 τῶν
368 1387 405 1453 ἐν
423 1397 462 1472 πή
482 1389 582 1472 φύσει
600 1386 655 1455 καί
680 1389 724 1465 ὡς
743 1392 819 1466 ἔπος
842 1391 947 1453 εἰπεῖν
968 1388 1023 1452 διά
1040 1387 1124 1452 πάν-

109 1517 176 1558 των
195 1505 261 1559 τῶν
281 1495 400 1576 όντων,
426 1495 758 1576 συνεκεφαλαιώσατο
777 1493 883 1570 πάσας
901 1495 959 1570 τάς
977 1493 1124 1577 ἐφόδους
1137 1511 1197 1553 ωε.

110 1600 157 1676 είς
180 1602 259 1683 μίαν
282 1598 344 1682 τήν
367 1597 420 1665 ἐπὶ
442 1601 502 1665 τὸν
525 1601 609 1665 θεὸν
633 1599 824 1684 ἀνήκουσαν
849 1599 1037 1683 ἀναγωγήν.

199 1706 239 1771 V.
263 1711 327 1771 Δεῖ
349 1703 386 1771 δὲ
404 1707 522 1772 λοιπὸν
541 1706 656 1783 αὐταῖς
674 1717 745 1782 ταῖς
764 1712 1019 1792 Πυθαγορικαῖς
1038 1707 1125 1770 διαι-

72 1829 97 1869 15
112 1811 222 1899 ρέσεσι
254 1820 488 1899 προσχρῆσθαι
523 1814 570 1889 είς
605 1814 643 1877 τὸ
680 1812 888 1897 προτρέπειν.
933 1812 1023 1877 πάνυ
1059 1812 1124 1897 γάρ

112 1919 270 2003 ἐντρεχῶς
297 1918 351 1983 καὶ
383 1922 571 1984 τελειότατα
607 1916 661 1982 καὶ
694 1920 777 2000 πρὸς
808 1920 866 1995 τάς
898 1919 999 1994 ἀλλας
1027 1921 1124 2001 φιλο-

112 2029 232 2109 σοφίας
246 2022 494 2108 ἐξηλλαγμένως
508 2024 543 2088 οί
553 2025 635 2088 κατὰ
649 2025 750 2106 τήνδε
763 2025 824 2107 τήν
839 2024 968 2110 αἵρεσιν
983 2019 1126 2108 διήρουν

112 2130 266 2215 ἑπόμενοι
289 2140 361 2206 ταῖς
380 2129 510 2194 ἐκείνου
526 2131 753 2206 διδασκαλίαις
771 2131 830 2194 τὸν
849 2132 896 2206 είς
914 2133 1126 2217 παρόρμησιν

112 2235 164 2302 ἐπὶ
188 2238 394 2320 φιλοσοφίαν
417 2238 533 2318 λόχον,
563 2235 755 2320 εὐμηχάνως
784 2236 1048 2321 ἐπιρρωννύντες
1070 2234 1126 2301 καὶ

72 2360 98 2400 2⁰
112 2342 326 2426 πιστούμενοι
340 2341 549 2421 ἀποδείξεσιν
559 2341 913 2427 ἐπιστημονικωτάταις
927 2339 1032 2428 μηδὲν
1047 2342 1125 2407 ἀνα·

111 2453 282 2516 κόλουθον
305 2450 581 2532 συναγαχοόσαις.
629 2447 692 2514 είσὶ
718 2446 754 2515 δὲ
777 2457 942 2514 τοιαῦταν

202 2555 330 2631 Πάντες
353 2557 529 2639 ἀνθρωποι
552 2558 747 2640 βουλόμεθα
770 2549 1002 2640 εὖπράττειν,
1025 2550 1064 2619 εὖ
1088 2551 1126 2620 δὲ

112 2662 312 2745 πράττομεν,
337 2663 368 2725 εί
393 2660 472 2745 ἡμῖν
500 2662 606 2726 πολλά
634 2661 746 2744 ἀχαθά
773 2665 901 2746 παρείη.
948 2661 1060 2744 ἀγαθά
1088 2657 1126 2726 δὲ

112 2770 152 2833 τά
184 2767 245 2852 μέν
282 2766 351 2832 ἐστι
386 2768 468 2832 κατὰ
502 2778 609 2852 σῶμα,
647 2768 731 2832 ὥστε
768 2769 889 2844 ἱκανῶς
926 2767 1006 2832 αὐτὸ
1043 2788 1126 2852 παρ-

73 2892 98 2933 ω
113 2873 315 2938 εσκευάσθαι
351 2874 433 2959 πρὸς
473 2873 534 2955 τήν
570 2873 652 2937 κατά
688 2872 794 2956 φύσιν
831 2876 1034 2959 συμμετρίαν
1070 2872 1126 2939 καὶ
1140 2890 1197 2932 ωε

112 2988 232 3065 κρᾶσιν
254 2976 310 3044 καὶ
333 2977 462 3063 ῥώμην·
489 2979 529 3043 τά
554 2974 590 3042 δὲ
614 2977 650 3042 ἐν
673 2989 743 3055 τοῖς
766 2977 871 3062 ἐκτός,
901 2980 1010 3065 ὥσπερ
1035 2977 1128 3064 εὐγέ-

112 3109 200 3151 νειαι
225 3083 281 3150 καὶ
310 3085 468 3169 δυνάμεις
494 3081 549 3148 καὶ
578 3083 669 3168 τιμαὶ
698 3084 735 3149 ἐν
762 3093 801 3170 τῇ
829 3082 950 3151 ἑαυτοῦ
977 3087 1126 3171 πατρίδι·

203 3283 245 3331 22.
265 3295 292 3346 p.
312 3281 385 3344 27,2
405 3275 439 3331 cf.
458 3275 530 3333 Plat.
550 3274 671 3346 Euthyd.
690 3294 737 3346 pp.
757 3276 927 3332 278E-289
937 3277 968 3331 Β.

205 3459 220 3507 λ
240 3452 304 3508 fort.
323 3472 364 3516 τις
377 3451 461 3526 (sle)
474 3455 484 3522 ΙΙ
499 3459 531 3508 16
549 3428 683 3522 maffia
703 3458 735 3507 19
756 3449 960 3522 ε’πιρωννάντες
978 3455 988 3524 ss
1007 3459 1041 3507 24
1059 3453 1125 3509 fort.

115 3522 188 3580 κατὰ
206 3520 281 3597 <τὸ>
301 3525 380 3595 σῶμα
400 3526 433 3578 cl.
452 3524 557 3580 Plat.1.
578 3542 600 3580 ο.
618 3541 646 3592 p.
665 3530 717 3579 279
725 3523 758 3576 A.
