2430 3848
109 178 152 242 56
519 173 707 230 ιιιιοιιοιιι

110 339 229 403 άιδίων
257 336 312 403 καὶ
335 340 487 422 μονίμων
510 337 722 423 ἀναψάμενος
748 347 808 403 τοῦ
835 340 913 420 βίον
941 338 999 414 τὰς
1022 336 1124 422 ἀρχάς

108 443 206 530 ὁρμεῖ
221 440 275 509 καὶ
295 447 331 528 ζή
349 441 427 509 καθ’
451 442 578 510 ἑαυτόν.
616 446 685 509 ἔστι
703 441 764 528 μὲν
779 439 841 509 οὖν
856 444 1044 528 θεωρητική
1063 446 1125 527 ήδε

107 551 128 634 ή
149 549 318 635 ἐπιστήμη,
337 548 472 636 παρέχει
490 544 520 614 δ’
538 550 617 634 ημῖν
635 551 672 616 τὸ
691 552 908 637 δημιουργεῖν
926 544 996 614 κατ’
1018 549 1125 632 αὐτὴν

109 658 246 722 ἅπαντα.
279 657 388 738 ὥσπερ
403 657 466 741 γάρ
481 656 501 739 η
516 657 592 734 ὄψις
605 657 757 740 ποιητική
776 653 838 741 μὲν
851 653 906 721 καὶ
921 657 1124 740 δημιουργὸς

81 763 248 839 εούδενός
271 761 340 827 ἐστι
365 762 484 847 (μόνον
507 763 570 847 γάρ
595 761 696 845 αὐτῆς
719 764 819 848 ἔργον
843 760 912 827 ἐστὶ
935 764 971 826 τὸ
995 765 1124 846 κρίνειν

108 867 163 935 καὶ
188 870 314 960 δηλοῦν
337 865 476 932 ἕκαστον
499 878 565 932 τῶν
587 865 743 955 ὁρατῶν),
766 867 846 952 ἡμῖν
870 864 907 933 δὲ
929 867 1064 953 παρέχει
1085 870 1124 933 τὸ

108 975 264 1062 πράττειν
281 967 373 1039 τιδι’
391 973 495 1057 αὐτὴν
513 972 570 1038 καὶ
587 977 710 1057 βοηθεῖ
725 975 809 1058 πρὸς
828 975 885 1051 τάς
898 973 1030 1060 πράξεις
1044 974 1126 1058 ἡμῖν

108 1082 149 1145 τά
176 1079 312 1165 μέγιστα
340 1078 475 1167 (σχεδὸν
503 1081 567 1163 γάρ
595 1079 746 1164 ἀκίνητοι
772 1085 940 1157 παντελῶς
968 1079 1009 1144 άν
1033 1075 1125 1165 εἶμεν

109 1186 326 1272 στερηθέντες
345 1185 471 1273 αὐτῆς),
496 1187 582 1251 οὕτω
606 1188 710 1270 δῆλον
729 1186 779 1251 ὅτι
797 1184 852 1250 καὶ
870 1195 928 1270 τής
947 1186 1127 1270 ἐπιστήμης

69 1313 97 1354 10
109 1300 316 1378 θεωρητικῆς
344 1293 447 1376 οὔσης
474 1295 575 1377 μυρία
602 1293 787 1377 πράττομεν
810 1291 881 1358 κατ’
908 1293 1013 1376 αὐτην
1037 1293 1126 1376 ὅμως

109 1401 213 1484 ἡμεῖς,
227 1397 283 1464 καὶ
297 1400 335 1464 τά
350 1394 411 1481 μὲν
425 1399 637 1483 λαμβάνομεν
652 1400 692 1464 τά
707 1395 743 1464 δὲ
757 1386 926 1484 φεύγομεν
940 1409 1007 1464 τῶν
1021 1421 1126 1484 πραγ-
1141 1414 1171 1454 16⁴

110 1505 233 1591 μάτων,
256 1503 312 1569 καὶ
336 1504 420 1582 ὅλως
442 1505 549 1569 πάντα
572 1506 612 1571 τά
635 1504 747 1589 άγοιθδι
770 1499 814 1569 δι’
837 1505 941 1591 αὐτὴν
962 1507 1127 1590 κτώμεθα.

200 1611 257 1678 ΧΙ.
271 1609 341 1676 Ὅτι
358 1613 475 1677 τοίνυν
494 1622 563 1688 τοῖς
582 1609 751 1695 ἑλομένοις
769 1611 829 1676 τὸν
847 1613 928 1677 κατά
946 1621 1031 1677 νοῦν
1049 1614 1127 1695 βίον

110 1713 165 1782 καὶ
182 1717 219 1781 τὸ
235 1719 293 1800 ζήν
306 1716 412 1800 ήδέως
426 1717 566 1802 μάλιστα
585 1717 734 1802 ὑπάρχει,
753 1717 857 1801 δήλου
871 1716 913 1782 άν
926 1716 1057 1802 γένοιτο
1074 1717 1126 1783 ἐν·

71 1843 97 1884 15
112 1829 241 1890 τεῶθεν.
278 1825 432 1907 φαίνεται
447 1824 563 1900 διττῶς
582 1821 740 1907 λέγεσθαι
758 1823 795 1887 τὸ
817 1826 884 1907 ζήν,
907 1825 944 1888 τὸ
964 1820 1025 1906 μὲν
1044 1825 1127 1889 κατά

112 1930 257 2013 δύναμιν
275 1931 312 1994 τὸ
333 1927 370 1993 δὲ
390 1926 460 1994 κατ’
480 1927 663 2013 ἐνέργειαν·
683 1929 814 2011 δρῶντα
827 1931 891 2015 γάρ
910 1924 1000 1995 εἶναί
1015 1953 1127 2014 φαμεν

112 2035 174 2100 ὅσα
196 2058 230 2100 τε
254 2037 320 2118 ἔχει
342 2044 410 2098 τῶν
429 2030 521 2121 ζῴων
539 2035 619 2112 ὄψιν
642 2031 697 2099 καὶ
717 2036 843 2100 δυνατά
860 2033 1009 2119 πέφυκεν
1029 2036 1127 2119 ἰδεῖν,

111 2139 175 2206 κάν
197 2140 324 2223 μύοντα
347 2139 504 2224 τυγχάνη,
528 2136 584 2205 καὶ
607 2142 647 2205 τά
669 2140 823 2225 χρώμενα
845 2150 884 2226 τή
907 2141 1048 2225 δυνάμει
1070 2140 1127 2207 καὶ

111 2246 366 2331 προσβάλλοντα
388 2247 450 2330 τήν
473 2247 562 2324 ὄψιν.
601 2246 724 2331 δμοίως
743 2243 779 2313 δέ
797 2245 907 2313 καὶτὸ
927 2247 1127 2314 ἐπίστασθαι
1140 2262 1166 2302 64

72 2350 167 2418 εοκαὶ
194 2353 231 2417 τὸ
259 2353 474 2436 γιγνώσκειν,
507 2353 544 2417 ἓν
572 2349 633 2437 μὲν
659 2354 697 2418 τὸ
725 2359 871 2439 χρῆσθαι
900 2349 955 2417 καὶ
983 2360 1129 2439 θεωρεῖν

112 2458 268 2545 λέγομεν,
299 2460 337 2524 ἓν
369 2455 406 2524 δὲ
434 2459 471 2524 τὸ
499 2466 680 2542 κεκτῆσθαι
710 2459 771 2542 τήν
803 2459 947 2544 δύναμιν
979 2458 1034 2525 καὶ
1065 2460 1128 2543 τὴν

113 2567 295 2651 ἐπιστήμην
323 2566 417 2648 ἔχειν.
464 2566 496 2629 εί
520 2567 638 2630 τοίνυν
670 2573 715 2652 τῷ
743 2562 804 2648 μὲν
835 2567 1060 2632 αἰσθάνεσθαι
1089 2569 1126 2630 τὸ

114 2676 172 2756 ζήν
201 2671 415 2757 διακρίνομεν
442 2667 498 2735 καὶ
526 2672 563 2736 τὸ
591 2672 635 2755 μή
665 2674 738 2754 ζήν,
771 2672 808 2736 ιδ
836 2665 876 2745 δ’Ἰ
900 2672 1128 2737 αἰσθάνεσθαι

114 2779 237 2861 διττόν,
259 2765 383 2863 κυρίως
405 2774 467 2861 μὲν
490 2779 527 2842 τὸ
546 2782 691 2864 χρῆσθαι
710 2788 782 2855 ταῖς
802 2779 1000 2862 αἰσθήσεσιν
1019 2780 1128 2855 άλλως

72 2902 100 2944 νε
114 2881 151 2950 δὲ
175 2886 213 2949 τὸ
239 2885 408 2949 δύνασθαι
431 2881 562 2971 (διόπερ
586 2880 697 2968 φαμὲν
720 2885 945 2949 αἰσθάνεσθαι
968 2906 1049 2946 *ε*
1072 2881 1128 2950 καὶ

203 3081 238 3130 23
248 3093 307 3145 sqq.
328 3075 362 3131 el.
381 3074 466 3130 Arist.
485 3075 553 3145 Top.
573 3078 598 3129 E
613 3081 636 3130 2⁴
654 3075 729 3146 12912,
740 3082 773 3132 33
782 3094 840 3146 sqq.

126 3317 130 3323 .
203 3261 219 3308 2
242 3248 328 3322 ὁρμεῖ
345 3252 457 3307 Vitelli:
481 3247 554 3322 ὁρμά
572 3254 581 3323 ή
600 3257 616 3306 8
640 3249 719 3323 εἶμεν
742 3269 839 3338 apogr.
859 3253 975 3320 Franeq.
996 3253 1070 3308 teste
1088 3251 1126 3306 A:

113 3325 184 3395 ήμεν
198 3326 208 3393 ΙΙ
222 3330 256 3378 24
275 3321 307 3377 τὸ
326 3324 391 3377 ante
410 3323 533 3392 χρῆσθαι
552 3324 581 3378 et
599 3328 633 3378 25
651 3327 718 3378 ante
736 3326 882 3378 δυνασθαι
900 3323 1012 3393 scripsit
1030 3322 1056 3375 Κ
1062 3345 1069 3378 ι
1088 3325 1126 3378 τῶ

113 3396 286 3520 υλτοῶίηιιοή
298 3401 332 3449 25
352 3396 418 3449 ante
436 3394 486 3448 καλ
504 3392 633 3448 lacunam
652 3394 753 3449 statuit
766 3395 865 3450 Vitelli
882 3393 1048 3463 explendam
1067 3393 1127 3449 fere

106 3465 179 3530 (καί
197 3484 250 3518 τον
282 3462 443 3536 γρηγορότιι
462 3460 581 3519 καὶτὸν
594 3461 787 3535 καθεύδοντα,
807 3462 855 3519 διὰ
874 3461 905 3520 τὸ
922 3461 1068 3520 δύνασθαι
1088 3463 1129 3527 είς

87 3532 237 3598 αἴσθησιν
250 3532 448 3607 μεταβάλλειν
469 3531 701 3610 αἰσθάνεσθαι).
