2430 3848
126 189 169 254 92
535 187 723 244 IAMBLIOHI

126 351 273 437 φέροντα
295 349 315 435 ἣ
340 349 438 434 ἐγγὺς
455 351 588 432 τούτου,
612 347 668 414 καὶ
690 351 734 433 μὴ
759 348 796 415 ἐν
815 350 929 425 άλλοις
950 347 1148 434 ἀνθρώποις

127 457 307 542 αἰωρεῖται,
325 454 359 535 ἐξ
382 452 431 522 ὧν
453 456 474 541 ἢ
499 452 536 523 εὗ
559 455 579 541 ἣ
603 464 710 532 κακῶς
732 453 929 541 πραξάντων
947 461 1144 521 πλανᾶσθαι

128 562 332 645 ἠνάγκασται
353 561 409 628 καὶ
431 564 472 628 τδι
495 563 641 646 ἐκείνου,
669 561 776 649 τούτω
800 563 919 648 ἄριστα
940 561 1146 645 παρεσκεύα-
1161 581 1213 619 111Ι

129 684 203 733 σται
227 673 295 753 ζῇν,
320 664 417 746 οὗτός
440 669 531 735 ἐστιν
555 669 573 734 6
597 669 746 754 σώφρων
763 666 820 733 καὶ
838 663 936 746 οὗτος
955 668 973 733 6
992 667 1149 755 ἀνδρεῖος

102 791 114 832 5
129 773 184 840 καὶ
202 777 378 861 φρόνιμος,
398 770 496 852 οὗτος
513 772 724 860 γιγνομένων
746 774 924 861 χρημάτων
942 772 999 839 καί
1016 774 1149 839 παίδων

129 879 184 946 καί
217 879 511 967 διαφθειρομένων
546 880 687 966 μάλιστα
718 883 865 946 πείσεται
897 887 937 965 τῇ
972 881 1148 967 παροιμία·

131 988 207 1053 ούτε
238 988 302 1073 γάρ
333 990 459 1073 χαίρων
492 987 569 1052 οὔτε
600 986 810 1070 λυπούμενος
842 987 929 1070 άγαν
962 988 1149 1071 φανήσεται
1162 1002 1204 1076 110

131 1095 187 1159 διὰ
209 1094 247 1158 τὸ
271 1092 361 1181 αὑτῷ
385 1091 593 1158 πεποιθέναι.
630 1092 804 1169 τοιούτους
823 1090 860 1157 δὲ
878 1090 972 1176 ῇμείς
991 1089 1150 1176 ἀξιοῦμεν

130 1198 186 1265 καὶ
218 1201 295 1276 τοὺς
332 1199 482 1281 ἀγαθοὺς
519 1193 621 1280 εἶναι,
659 1199 735 1264 ούτε
772 1197 1040 1281 ἀγανακτοῦντας
1072 1197 1150 1262 οὔτε

92 1325 118 1364 10
132 1305 366 1390 φοβουμένους
389 1306 490 1388 άγαν,
519 1305 550 1369 εί
577 1305 628 1369 δεῖ
650 1309 806 1371 τελευτᾶν
830 1303 866 1369 ἐν
888 1311 934 1392 τῷ
964 1306 1107 1387 παρόντι
1129 1302 1149 1386 ῇ

131 1414 212 1478 ἄλλο
235 1434 267 1475 τι
288 1410 429 1493 πάσχειν
451 1420 520 1474 τῶν
543 1410 779 1495 ἀνθρωπίνων.
822 1408 1063 1496 διατεταμένως
1085 1411 1150 1496 γάρ

132 1518 173 1601 δὴ
204 1518 257 1581 δεῖ
285 1515 410 1598 ταύτην
442 1517 529 1600 ἔχειν
561 1518 623 1599 τῇν
652 1515 770 1599 δόξαν,
808 1517 852 1594 ὡς
885 1516 903 1581 6
932 1513 993 1601 μὲν
1022 1515 1152 1600 ἀγαθὸς

133 1623 217 1708 ἀνὴρ
255 1624 402 1709 σώφρων
440 1622 488 1688 ῶν
525 1622 579 1687 καὶ
616 1624 745 1700 δίκαιος
785 1622 953 1708 εὐδαίμων
990 1620 1060 1687 ἐστὶ
1095 1621 1152 1688 καὶ

133 1730 307 1815 μακάριος,
342 1719 400 1795 ἐάν
428 1753 464 1794 τε
492 1727 592 1814 μέγας
619 1726 675 1794 καὶ
704 1730 854 1813 ἰσχυρός,
887 1728 945 1795 ἐάν
973 1752 1008 1793 τε
1035 1730 1152 1815 μικρὸς

94 1854 119 1895 15
133 1833 188 1901 καὶ
220 1836 381 1919 άσθενῇς,
414 1835 470 1901 καὶ
503 1836 561 1901 ἐάν
591 1840 718 1921 πλουτῇ
750 1833 806 1900 καὶ
835 1839 889 1920 μή.
936 1835 995 1901 ἐὰν
1024 1831 1054 1899 δ’
1087 1836 1152 1921 άρα

132 1947 259 2025 πλουτῇ
286 1942 420 2026 Κινύρα
451 1964 486 2006 τε
517 1939 573 2006 καὶ
601 1942 698 2005 Μίδα
729 1947 873 2025 μᾶλλον,
905 1933 927 2027 ᾖ
959 1938 996 2006 δὲ
1026 1942 1152 2023 άδικος,

134 2049 252 2123 ἄθλιός
281 2044 319 2110 τέ
346 2046 416 2111 ἐστι
445 2045 500 2111 καὶ
533 2046 678 2132 ἀνιαρῶς
707 2051 755 2133 ζῇ·
787 2045 843 2113 καὶ
876 2045 954 2113 οὔτ’
983 2046 1030 2113 άν
1058 2070 1151 2131 μνη-

135 2155 294 2237 σαίμην,
324 2150 429 2236 φησὶν
452 2152 470 2217 6
494 2156 647 2237 ποιητής,
677 2159 768 2239 είπερ
796 2155 909 2239 ὀρθῶς
936 2152 1039 2237 λέγει,
1069 2147 1150 2218 οὔτ’

135 2257 178 2322 ἐν
206 2259 308 2345 λόγῳ
337 2258 465 2344 ἄνδρα
491 2263 699 2345 τιθοίμην,
733 2260 769 2337 ὃς
797 2251 841 2345 μὴ
865 2260 973 2327 πάντα
995 2261 1036 2323 τά
1059 2261 1153 2341 λεγό-

95 2384 121 2424 20
135 2387 218 2448 μενα
240 2364 325 2428 καλά
347 2365 427 2448 μετά
456 2365 672 2449 δικαιοσύνης
698 2365 838 2451 πράττοι
860 2362 916 2429 καὶ
937 2371 1059 2451 κτῷτο,
1086 2361 1154 2428 καί

137 2472 261 2553 δηίων
279 2479 431 2546 τοιοῦτος
450 2471 497 2537 ὢν
521 2470 704 2558 ὀρέγοιτο
729 2470 902 2554 ἐγγύθεν
928 2470 1153 2555 ἱστάμενος,

136 2577 250 2652 άδικος
273 2573 310 2640 δὲ
333 2575 380 2640 ῶν
399 2578 479 2659 μήτε
502 2581 611 2664 τολμῷ
636 2576 739 2663 ὁρῶν
762 2580 891 2662 φόνον
915 2577 1155 2661 αἱματόεντα

136 2684 231 2767 μήτε
262 2688 357 2769 νικςό
391 2680 497 2748 θέων
525 2685 721 2769 Θρηίκιον
750 2681 922 2770 Βορέην,
955 2679 1039 2768 μηδὲ
1071 2684 1154 2748 ἄλλο

137 2789 226 2875 αύτῷ
260 2784 366 2874 μηδὲν
392 2797 461 2853 τῶν
492 2786 683 2872 λεγομένων
714 2788 852 2872 ἀγαθῶν
884 2790 1034 2872 γίγνοιτό
1063 2809 1153 2853 ποτε.
1169 2805 1207 2844 111

96 2914 122 2954 25
136 2896 176 2959 τά
199 2896 263 2981 γάρ
286 2893 351 2959 ὑπὸ
375 2905 443 2959 τῶν
465 2898 600 2960 πολλῶν
627 2897 789 2979 λεγόμενα
817 2895 929 2979 άγαθδι
957 2894 1018 2960 οὐκ
1041 2893 1155 2979 ὀρθῶς

137 2999 274 3084 λέγεται.
316 2999 444 3083 λέγεται
464 3002 528 3085 γάρ
552 3000 597 3077 ὡς
621 3000 769 3087 “άριστον
792 2998 854 3086 μὲν
876 3001 1054 3084 ὑγιαίνειν,
1079 3001 1154 3081 δεύ-
1169 3017 1208 3057 171

137 3130 236 3193 τερον
260 3102 298 3170 δέ
320 3106 455 3189 κάλλος,
478 3108 591 3190 τρίτον
615 3104 652 3172 δὲ
675 3106 838 3184 πλοῦτος.’
883 3109 985 3193 μυρία
1009 3103 1047 3171 δέ
1070 3107 1155 3171 άλλα

230 3303 271 3352 12.
291 3313 318 3365 p.
334 3302 376 3365 93,
393 3303 425 3352 19
444 3297 518 3353 Plat.
536 3298 578 3353 De
597 3297 683 3369 Legg.
697 3300 723 3353 II
737 3318 765 3369 p.
780 3298 953 3354 66016-662
964 3301 997 3354 A.

137 3407 352 3418 ...W-—

224 3481 262 3529 17
275 3471 335 3531 ίστὶ
346 3492 483 3546 εαρετεοτ.
497 3477 508 3547 ss
523 3480 556 3531 18
566 3470 631 3531 ούτε
646 3477 657 3546 ΙΙ
670 3480 704 3529 20
714 3475 803 3543 κτῷτο
814 3474 873 3528 PA:
890 3474 1026 3528 κεκτῶτοε
1036 3478 1155 3546 κεκτῇτο

119 3541 289 3616 Cobotss27
306 3549 448 3606 πλούτονι
472 3547 577 3606 ‘voluit
594 3547 720 3603 ίοτλεαεο
736 3545 876 3601 πλουτεῖν
899 3545 998 3599 6066.
