2430 3848
110 172 152 236 96
520 169 711 226 IAMBLICHI

110 341 192 400 σθαι
220 335 387 418 μεγίστην.
432 334 514 419 πρὸς
543 333 583 416 δη
611 333 756 416 τούτοις,
786 330 820 411 ἐξ
844 327 885 397 οὗ
908 334 951 398 άν
973 356 1023 409 τις
1046 335 1127 416 βού-

110 446 205 524 ληται
228 438 330 517 δόξαν
353 441 443 525 παρά
460 449 531 516 τοῖς
550 438 744 524 ἀνθρώποις
762 442 878 522 λαβεῖν
896 436 951 503 καὶ
971 448 1127 517 τοιοῦτος

110 548 294 630 φαίνεσθαι
324 537 394 623 οἷος
421 544 463 611 άν
490 536 528 630 ᾖ,
561 544 679 609 αὐτίκα
707 546 761 609 δεῖ
784 543 864 611 νέον
890 567 926 610 τε
958 543 1126 632 ἄρξασθαι

109 649 164 717 καί
188 652 388 738 ε’πιχρῖχσθαι
406 653 495 740 αὐτῷ
515 652 647 736 ὁμαλῶς
665 649 717 716 άεὶ
734 649 790 716 καὶ
808 652 852 736 μὴ
871 653 989 716 ἄλλοτε
1007 652 1124 730 άλλως.

82 756 357 844 ὁσυγχρονισθὲν
381 756 442 845 μὲν
465 759 528 843 γάρ
557 758 695 823 ἕκαστον
718 758 847 823 τούτων
869 755 925 822 καὶ
949 757 1066 824 αὐτίκα
1088 781 1125 824 τε

110 864 296 949 άρξάμενον
314 862 369 930 καὶ
393 861 607 948 συναυξηθὲν
626 865 673 941 είς
690 862 784 941 τέλος
802 864 963 948 λαμβάνει
986 862 1131 947 βέβαιον·

109 973 171 1055 τὴν
199 970 300 1049 δόξαν
328 969 383 1036 καὶ
410 973 448 1036 τὸ
475 969 571 1048 κλέος
598 972 654 1036 διά
680 970 774 1052 τάδε,
802 971 853 1036 ὅτι
879 971 1070 1036 πιστεύεταί
1089 994 1125 1036 τε

109 1078 174 1160 ἤδη
198 1077 456 1160 άνενόοιάστως,
484 1075 540 1142 καὶ
568 1077 586 1142 ὁ
613 1079 746 1160 φθόνος
772 1085 840 1141 τῶν
868 1075 1059 1163 ἀνθρώπων
1084 1076 1125 1142 ού
1139 1093 1170 1134 281

110 1187 356 1269 προσγίγνεται,
376 1181 421 1248 δι’
440 1183 479 1249 ὃν
497 1184 538 1248 τά
556 1181 618 1267 μὲν
633 1182 694 1248 οὐκ
713 1180 873 1261 αὔξουσιν
888 1177 962 1248 οὐδ’
980 1183 1127 1266 εὐλόγως

70 1308 97 1346 10
110 1291 291 1373 μηνύουσι,
320 1290 360 1353 τά
389 1286 425 1354 δὲ
452 1289 718 1367 καταψεύδονται
747 1291 954 1373 μεμφόμενοι
976 1290 1065 1374 παρὰ
1088 1291 1126 1354 τὸ

110 1397 251 1460 δίκαιον.
298 1394 355 1459 ού
375 1395 439 1481 γάρ
475 1395 541 1478 ἡδὺ
576 1405 647 1471 τοῖς
681 1394 876 1480 ἀνθρώποις
911 1395 1015 1461 άλλον
1050 1396 1128 1461 τινά

109 1509 209 1584 τιμᾶν
228 1498 339 1586 (αὐτοὶ
357 1502 419 1586 γάρ
440 1503 676 1584 στερίσκεσθαί
689 1524 781 1578 τινος
799 1498 985 1587 ἡγοῦνται),
1010 1524 1127 1587 χειρω-

109 1604 227 1683 θέντες
256 1603 293 1671 δέ
322 1606 387 1671 ὑπὸ
415 1616 472 1691 της
500 1607 645 1691 ἀνάγκης
672 1607 774 1691 αὐτῆς
799 1604 960 1671 καὶκατὰ
984 1608 1126 1694 σμικρὸν

110 1713 146 1778 ἐκ
181 1717 308 1778 πολλοῦ
345 1711 545 1797 ἐπαχθέντες
581 1713 747 1780 ἐπαινέται
779 1712 835 1778 καὶ
870 1714 1005 1790 άκοντες
1037 1714 1127 1798 ὅμως

71 1838 95 1877 15
109 1821 296 1903 γίγνονται·
324 1821 390 1903 άμα
419 1817 456 1884 δέ
483 1817 539 1884 καὶ
567 1819 628 1885 οὐκ
656 1820 940 1905 άμφιβάλλουσιν,
969 1825 1034 1886 είτε
1061 1821 1127 1906 άρα

109 1933 261 2002 τοιοῦτος
289 1926 468 2011 άνθρωπός
495 1925 585 1991 ἐστιν
612 1917 683 2003 οἷος
710 1929 879 2010 φαίνεται,
908 1924 929 2009 ἣ
958 1925 1128 2011 ἐνεδρεύει

109 2030 165 2096 καὶ
197 2033 378 2117 θηρεύεται
413 2032 475 2114 τὴν
508 2030 609 2109 δόξαν
643 2030 704 2097 ἐπὶ
728 2033 850 2118 άπάτη,
886 2029 942 2097 καί
974 2031 995 2096 ἃ
1026 2042 1126 2115 ποιεῖ,

109 2146 212 2202 ταῦτα
234 2139 471 2215 καλλωπίζεται
498 2137 708 2221 ὑπαγόμενος
735 2140 814 2215 τοὺς
842 2138 1057 2223 ἀνθρώπους·
1089 2137 1128 2203 ἐν

111 2242 225 2330 ἐκείνῳ
250 2240 287 2307 δὲ
314 2251 360 2331 τῷ
389 2245 515 2330 τρόπῳ,
544 2233 570 2330 ᾧ
599 2242 664 2326 ἐγὼ
691 2253 868 2330 προεῖπον,
897 2243 1082 2327 άσκηθεῖσα
1104 2243 1169 2328 ηπ

72 2367 97 2407 2⁰
113 2348 211 2434 άρετη
234 2351 348 2414 πίστιν
371 2348 501 2432 ἐμποιεῖ
521 2348 597 2435 περὶ
619 2348 736 2434 ἑαυτῆς
753 2347 809 2415 καὶ
828 2350 987 2414 εύκλειαν.
1025 2348 1128 2416 ἑαλω-

110 2459 202 2532 κότες
224 2457 287 2541 γάρ
312 2456 376 2538 ἤδη
399 2456 482 2519 κατά
505 2457 542 2520 τὸ
567 2456 706 2541 ἰσχυρὸν
725 2456 760 2520 oc
780 2457 956 2541 άνθρωποι
979 2456 1055 2521 ούτε
1079 2464 1127 2543 τῷ

111 2565 232 2647 φθόνῳ
252 2564 300 2625 ἔτι
320 2562 480 2626 δύνανται
499 2568 645 2646 χρῆσθαι
664 2562 740 2626 ούτε
759 2561 950 2627 ἀπατᾶσθαι
968 2564 1016 2627 έτι
1035 2568 1128 2628 οίον-

110 2690 172 2732 ται.
214 2670 262 2731 ἔτι
282 2664 319 2731 δὲ
337 2664 392 2731 καὶ
411 2665 430 2731 ό
448 2669 568 2751 χρόνος
592 2669 705 2732 συνὼν
728 2665 789 2752 μὲν
812 2667 936 2757 ἑκάστην
960 2671 1046 2755 ἔργῳ
1070 2667 1129 2734 καί

111 2774 277 2858 πράγματι
304 2774 409 2849 πολὺς
436 2771 491 2838 καὶ
520 2774 575 2838 όιά
605 2782 735 2858 μακροῦ
762 2775 919 2860 κρατύνει
944 2776 982 2839 τὸ
1006 2774 1130 2840 άσκού-

71 2897 97 2937 25
111 2904 224 2964 μενον,
249 2879 266 2945 ὁ
291 2875 327 2944 δὲ
352 2878 463 2962 ὀλίγος
485 2882 606 2965 χρόνος
629 2879 670 2944 ού
694 2880 835 2945 δύναται
861 2889 960 2945 τοῦτο
984 2878 1130 2966 άπεργά-

112 2990 235 3065 ζεσθαι.
271 2983 326 3050 καὶ
344 2985 464 3070 τέχνην
483 2983 544 3069 μέν
563 2987 605 3051 άν
629 3008 679 3063 τις
701 2986 763 3069 την
780 2987 863 3051 κατά
881 2989 1001 3070 λόγους
1019 2990 1130 3052 πυθό-

111 3116 211 3176 μενος
224 3090 280 3157 καὶ
293 3092 414 3177 μαθὼν
430 3091 471 3156 ού
485 3095 606 3176 χείρων
621 3101 682 3157 τοῦ
701 3093 919 3169 διδάσκοντος
937 3091 978 3157 άν
992 3090 1128 3175 γένοιτο

112 3199 149 3264 έν
181 3199 281 3286 ὀλίγῳ
313 3199 439 3284 χρόνῳ,
477 3196 575 3282 άρετὴ
614 3195 650 3263 δὲ
681 3199 752 3281 ἥτις
784 3199 817 3278 ἐξ
852 3201 960 3285 ἔργων
991 3205 1130 3265 πολλῶν
1144 3217 1170 3258 2⁸

112 3308 316 3387 συνίσταται,
339 3303 464 3386 ταύτην
488 3300 525 3368 δὲ
549 3305 610 3389 οὐχ
629 3297 756 3370 οἷόντε
774 3302 836 3383 ὀψὲ
857 3303 1028 3394 ἀρξαμένῳ
1049 3307 1129 3373 ούτε

185 3536 202 3582 9
221 3510 300 3587 εύλό’
309 3536 324 3605 ΙΙ
338 3539 372 3590 20
393 3497 475 3610 {ag-ss
494 3540 529 3591 29
545 3531 595 3606 δέ]
607 3532 689 3606 γεΚι
700 3533 769 3588 {oth
783 3528 1031 3602 δηλούτελίῑουιο
1046 3529 1127 3589 οὐδὲ.
