<?xml version="1.0" encoding="UTF-8"?>
<!DOCTYPE html PUBLIC "-//W3C//DTD XHTML 1.0 Transitional//EN"
    "http://www.w3.org/TR/xhtml1/DTD/xhtml1-transitional.dtd">
<html xmlns="http://www.w3.org/1999/xhtml" xml:lang="en" lang="en">
 <head>
  <title>
</title>
<meta http-equiv="Content-Type" content="text/html;charset=utf-8" />
  <meta name='ocr-system' content='tesseract 3.04.00' />
  <meta name='ocr-capabilities' content='ocr_page ocr_carea ocr_par ocr_line ocrx_word'/>
</head>
<body>
  <div class='ocr_page' id='page_1' title='image "./iamblichiprotre00jambgoog_0041.png"; bbox 0 0 2430 3848; ppageno 0'>
   <div class='ocr_carea' id='block_1_1' title="bbox 109 188 709 254">
    <p class='ocr_par' dir='ltr' id='par_1_1' title="bbox 109 188 709 254">
     <span class='ocr_line' id='line_1_1' title="bbox 109 188 709 254; baseline 0 -11"><span class='ocrx_word' id='word_1_1' title='bbox 109 190 152 254; x_wconf 78' lang='lat'><em>22</em></span> <span class='ocrx_word' id='word_1_2' title='bbox 517 188 709 243; x_wconf 80' lang='lat' dir='ltr'><strong>IAMBLICHI</strong></span> 
     </span>
    </p>
   </div>
   <div class='ocr_carea' id='block_1_2' title="bbox 70 349 1197 2986">
    <p class='ocr_par' dir='ltr' id='par_1_2' title="bbox 83 349 1125 1287">
     <span class='ocr_line' id='line_1_2' title="bbox 109 349 1125 438; baseline -0.003 -21"><span class='ocrx_word' id='word_1_3' title='bbox 109 351 208 438; x_wconf 81' lang='grc' dir='ltr'><em>μέρος</em></span> <span class='ocrx_word' id='word_1_4' title='bbox 230 353 292 436; x_wconf 79' lang='grc' dir='ltr'><em>τὴν</em></span> <span class='ocrx_word' id='word_1_5' title='bbox 316 350 486 436; x_wconf 81' lang='grc' dir='ltr'><strong><em>ἐνέργειαν</em></strong></span> <span class='ocrx_word' id='word_1_6' title='bbox 506 351 616 435; x_wconf 77' lang='grc' dir='ltr'><em>αὐτῆς,</em></span> <span class='ocrx_word' id='word_1_7' title='bbox 641 351 724 416; x_wconf 82' lang='grc' dir='ltr'><em>ἀλλὰ</em></span> <span class='ocrx_word' id='word_1_8' title='bbox 745 359 842 436; x_wconf 71' lang='grc' dir='ltr'><em>κοινῇ</em></span> <span class='ocrx_word' id='word_1_9' title='bbox 867 352 994 433; x_wconf 80' lang='grc' dir='ltr'><em>διήκειν</em></span> <span class='ocrx_word' id='word_1_10' title='bbox 1018 349 1125 435; x_wconf 86' lang='grc' dir='ltr'><em>φησὶν</em></span> 
     </span>
     <span class='ocr_line' id='line_1_3' title="bbox 110 456 1125 542; baseline -0.001 -19"><span class='ocrx_word' id='word_1_11' title='bbox 110 456 162 523; x_wconf 72' lang='grc' dir='ltr'><em>ἐστὶ</em></span> <span class='ocrx_word' id='word_1_12' title='bbox 184 457 292 522; x_wconf 78' lang='grc' dir='ltr'><em>πάντα</em></span> <span class='ocrx_word' id='word_1_13' title='bbox 315 458 355 522; x_wconf 82' lang='grc' dir='ltr'><em>τὰ</em></span> <span class='ocrx_word' id='word_1_14' title='bbox 374 459 464 540; x_wconf 81' lang='grc' dir='ltr'><em>ὄντα,</em></span> <span class='ocrx_word' id='word_1_15' title='bbox 488 458 546 534; x_wconf 81' lang='grc' dir='ltr'><em>τίς</em></span> <span class='ocrx_word' id='word_1_16' title='bbox 564 481 599 521; x_wconf 90' lang='grc' dir='ltr'><em>τε</em></span> <span class='ocrx_word' id='word_1_17' title='bbox 619 456 720 542; x_wconf 82' lang='grc' dir='ltr'><em>ἀρχὰς</em></span> <span class='ocrx_word' id='word_1_18' title='bbox 737 458 795 534; x_wconf 82' lang='grc' dir='ltr'><em>τὰς</em></span> <span class='ocrx_word' id='word_1_19' title='bbox 816 459 930 533; x_wconf 78' lang='grc' dir='ltr'><em>κοινὰς</em></span> <span class='ocrx_word' id='word_1_20' title='bbox 948 466 1015 521; x_wconf 86' lang='grc' dir='ltr'><em>τῶν</em></span> <span class='ocrx_word' id='word_1_21' title='bbox 1035 457 1125 522; x_wconf 87' lang='grc' dir='ltr'><em>ὅλων</em></span> 
     </span>
     <span class='ocr_line' id='line_1_4' title="bbox 110 561 1124 648; baseline -0.002 -19"><span class='ocrx_word' id='word_1_22' title='bbox 110 563 214 648; x_wconf 79' lang='grc' dir='ltr'><em>φησὶν</em></span> <span class='ocrx_word' id='word_1_23' title='bbox 238 564 343 648; x_wconf 78' lang='grc' dir='ltr'><em>αὐτὴν</em></span> <span class='ocrx_word' id='word_1_24' title='bbox 363 563 552 629; x_wconf 76' lang='grc' dir='ltr'><strong><em>ἐπισκοπεῖν</em></strong></span> <span class='ocrx_word' id='word_1_25' title='bbox 575 561 630 628; x_wconf 84' lang='grc' dir='ltr'><em>καὶ</em></span> <span class='ocrx_word' id='word_1_26' title='bbox 653 565 735 628; x_wconf 80' lang='grc' dir='ltr'><em>κατὰ</em></span> <span class='ocrx_word' id='word_1_27' title='bbox 753 561 834 646; x_wconf 75' lang='grc' dir='ltr'><em>γένη</em></span> <span class='ocrx_word' id='word_1_28' title='bbox 852 572 956 628; x_wconf 90' lang='grc' dir='ltr'><em>ταῦτα</em></span> <span class='ocrx_word' id='word_1_29' title='bbox 979 570 1124 648; x_wconf 77' lang='grc' dir='ltr'><strong><em>θεωρεῖν</em></strong></span> 
     </span>
     <span class='ocr_line' id='line_1_5' title="bbox 109 668 1125 754; baseline -0.003 -18"><span class='ocrx_word' id='word_1_30' title='bbox 109 668 164 736; x_wconf 86' lang='grc' dir='ltr'><em>καὶ</em></span> <span class='ocrx_word' id='word_1_31' title='bbox 192 672 274 735; x_wconf 77' lang='grc' dir='ltr'><em>κατὰ</em></span> <span class='ocrx_word' id='word_1_32' title='bbox 303 671 530 746; x_wconf 81' lang='grc' dir='ltr'><em>ἁπλουστάτας</em></span> <span class='ocrx_word' id='word_1_33' title='bbox 559 670 729 753; x_wconf 80' lang='grc' dir='ltr'><em>ἐπιβολάς,</em></span> <span class='ocrx_word' id='word_1_34' title='bbox 762 670 872 754; x_wconf 79' lang='grc' dir='ltr'><em>ὥσπερ</em></span> <span class='ocrx_word' id='word_1_35' title='bbox 902 669 921 753; x_wconf 80' lang='grc' dir='ltr'><em>ἡ</em></span> <span class='ocrx_word' id='word_1_36' title='bbox 952 671 1028 747; x_wconf 79' lang='grc' dir='ltr'><em>ὄψις</em></span> <span class='ocrx_word' id='word_1_37' title='bbox 1054 679 1125 745; x_wconf 87' lang='grc' dir='ltr'><em>τοῖς</em></span> 
     </span>
     <span class='ocr_line' id='line_1_6' title="bbox 83 776 1125 860; baseline -0.001 -19"><span class='ocrx_word' id='word_1_38' title='bbox 83 776 242 860; x_wconf 72' lang='grc' dir='ltr'><em>οὸρατοῖς</em></span> <span class='ocrx_word' id='word_1_39' title='bbox 271 776 454 859; x_wconf 77' lang='grc' dir='ltr'><em>ἐπιβάλλει,</em></span> <span class='ocrx_word' id='word_1_40' title='bbox 487 776 565 851; x_wconf 85' lang='grc' dir='ltr'><em>τούς</em></span> <span class='ocrx_word' id='word_1_41' title='bbox 596 798 631 840; x_wconf 89' lang='grc' dir='ltr'><em>τε</em></span> <span class='ocrx_word' id='word_1_42' title='bbox 658 777 809 841; x_wconf 79' lang='grc' dir='ltr'><strong><em>καθόλου</em></strong></span> <span class='ocrx_word' id='word_1_43' title='bbox 838 778 960 859; x_wconf 77' lang='grc' dir='ltr'><em>λόγους</em></span> <span class='ocrx_word' id='word_1_44' title='bbox 989 776 1125 840; x_wconf 80' lang='grc' dir='ltr'><em>πάντων</em></span> 
     </span>
     <span class='ocr_line' id='line_1_7' title="bbox 109 880 1125 970; baseline -0.001 -23"><span class='ocrx_word' id='word_1_45' title='bbox 109 881 215 967; x_wconf 77' lang='grc' dir='ltr'><em>φησὶν</em></span> <span class='ocrx_word' id='word_1_46' title='bbox 239 882 344 965; x_wconf 81' lang='grc' dir='ltr'><em>αὐτὴν</em></span> <span class='ocrx_word' id='word_1_47' title='bbox 368 880 548 966; x_wconf 79' lang='grc' dir='ltr'><em>περιέχειν,</em></span> <span class='ocrx_word' id='word_1_48' title='bbox 579 880 634 947; x_wconf 78' lang='grc' dir='ltr'><em>καὶ</em></span> <span class='ocrx_word' id='word_1_49' title='bbox 662 882 745 968; x_wconf 84' lang='grc' dir='ltr'><em>πρὸς</em></span> <span class='ocrx_word' id='word_1_50' title='bbox 773 882 879 970; x_wconf 78' lang='grc' dir='ltr'><em>τούτῳ</em></span> <span class='ocrx_word' id='word_1_51' title='bbox 903 889 1046 967; x_wconf 80' lang='grc' dir='ltr'><em>θεωρεῖν</em></span> <span class='ocrx_word' id='word_1_52' title='bbox 1069 880 1125 946; x_wconf 80' lang='grc' dir='ltr'><em>καὶ</em></span> 
     </span>
     <span class='ocr_line' id='line_1_8' title="bbox 110 983 1125 1074; baseline 0.001 -22"><span class='ocrx_word' id='word_1_53' title='bbox 110 990 373 1070; x_wconf 71' lang='grc' dir='ltr'><em>διαλογίζεσθαι·</em></span> <span class='ocrx_word' id='word_1_54' title='bbox 405 992 513 1074; x_wconf 88' lang='grc' dir='ltr'><em>μόνην</em></span> <span class='ocrx_word' id='word_1_55' title='bbox 546 984 582 1052; x_wconf 73' lang='grc' dir='ltr'><em>δὲ</em></span> <span class='ocrx_word' id='word_1_56' title='bbox 614 985 668 1052; x_wconf 80' lang='grc' dir='ltr'><em>καὶ</em></span> <span class='ocrx_word' id='word_1_57' title='bbox 701 987 914 1052; x_wconf 75' lang='grc' dir='ltr'><em>ἄνυιτόδετον</em></span> <span class='ocrx_word' id='word_1_58' title='bbox 942 983 1027 1052; x_wconf 77' lang='grc' dir='ltr'><em>εἶναι</em></span> <span class='ocrx_word' id='word_1_59' title='bbox 1055 989 1125 1053; x_wconf 79' lang='grc' dir='ltr'><em>ἐντι-</em></span> 
     </span>
     <span class='ocr_line' id='line_1_9' title="bbox 110 1092 1125 1179; baseline 0 -20"><span class='ocrx_word' id='word_1_60' title='bbox 110 1096 253 1179; x_wconf 80' lang='grc' dir='ltr'><em>στημην,</em></span> <span class='ocrx_word' id='word_1_61' title='bbox 284 1095 339 1159; x_wconf 79' lang='grc' dir='ltr'><em>ἅτε</em></span> <span class='ocrx_word' id='word_1_62' title='bbox 369 1095 409 1177; x_wconf 82' lang='grc' dir='ltr'><em>δη</em></span> <span class='ocrx_word' id='word_1_63' title='bbox 437 1104 505 1158; x_wconf 83' lang='grc' dir='ltr'><em>τῶν</em></span> <span class='ocrx_word' id='word_1_64' title='bbox 533 1095 641 1159; x_wconf 78' lang='grc' dir='ltr'><em>ὄντων</em></span> <span class='ocrx_word' id='word_1_65' title='bbox 664 1094 799 1158; x_wconf 79' lang='grc' dir='ltr'><em>πάντων</em></span> <span class='ocrx_word' id='word_1_66' title='bbox 821 1095 879 1170; x_wconf 84' lang='grc' dir='ltr'><em>τὰς</em></span> <span class='ocrx_word' id='word_1_67' title='bbox 902 1092 1004 1178; x_wconf 80' lang='grc' dir='ltr'><em>ἀρχὰς</em></span> <span class='ocrx_word' id='word_1_68' title='bbox 1027 1093 1125 1159; x_wconf 84' lang='grc' dir='ltr'><em>ἀνευ-</em></span> 
     </span>
     <span class='ocr_line' id='line_1_10' title="bbox 110 1199 1125 1287; baseline -0.001 -21"><span class='ocrx_word' id='word_1_69' title='bbox 110 1203 293 1285; x_wconf 88' lang='grc' dir='ltr'><em>ρίσκουσαν</em></span> <span class='ocrx_word' id='word_1_70' title='bbox 320 1199 375 1264; x_wconf 82' lang='grc' dir='ltr'><em>καλ</em></span> <span class='ocrx_word' id='word_1_71' title='bbox 403 1199 569 1284; x_wconf 80' lang='grc' dir='ltr'><em>περὶτῶν</em></span> <span class='ocrx_word' id='word_1_72' title='bbox 593 1203 724 1266; x_wconf 77' lang='grc' dir='ltr'><em>οἰκείων</em></span> <span class='ocrx_word' id='word_1_73' title='bbox 748 1199 865 1283; x_wconf 79' lang='grc' dir='ltr'><em>ἑαυτῆς</em></span> <span class='ocrx_word' id='word_1_74' title='bbox 888 1200 999 1287; x_wconf 83' lang='grc' dir='ltr'><em>ἀρχῶν</em></span> <span class='ocrx_word' id='word_1_75' title='bbox 1024 1202 1125 1265; x_wconf 93' lang='grc' dir='ltr'><em>δυνα-</em></span> 
     </span>
    </p>

    <p class='ocr_par' dir='ltr' id='par_1_3' title="bbox 71 1306 1197 1822">
     <span class='ocr_line' id='line_1_11' title="bbox 71 1306 1124 1392; baseline 0.001 -21"><span class='ocrx_word' id='word_1_76' title='bbox 71 1327 97 1365; x_wconf 86' lang='lat'><em>10</em></span> <span class='ocrx_word' id='word_1_77' title='bbox 110 1306 214 1392; x_wconf 83' lang='grc' dir='ltr'><em>μένην</em></span> <span class='ocrx_word' id='word_1_78' title='bbox 251 1309 353 1390; x_wconf 86' lang='grc' dir='ltr'><em>λόγον</em></span> <span class='ocrx_word' id='word_1_79' title='bbox 392 1308 532 1371; x_wconf 90' lang='grc' dir='ltr'><em>διδόναι.</em></span> <span class='ocrx_word' id='word_1_80' title='bbox 585 1309 631 1384; x_wconf 88' lang='grc' dir='ltr'><em>είς</em></span> <span class='ocrx_word' id='word_1_81' title='bbox 666 1309 769 1372; x_wconf 91' lang='grc' dir='ltr'><em>καλὸν</em></span> <span class='ocrx_word' id='word_1_82' title='bbox 801 1308 865 1391; x_wconf 84' lang='grc' dir='ltr'><em>ίίρα</em></span> <span class='ocrx_word' id='word_1_83' title='bbox 898 1310 1072 1391; x_wconf 83' lang='grc' dir='ltr'><em>συμβαίνει</em></span> <span class='ocrx_word' id='word_1_84' title='bbox 1102 1307 1124 1391; x_wconf 81' lang='grc' dir='ltr'><em>ἡ</em></span> 
     </span>
     <span class='ocr_line' id='line_1_12' title="bbox 110 1414 1124 1498; baseline -0.001 -20"><span class='ocrx_word' id='word_1_85' title='bbox 110 1416 233 1497; x_wconf 82' lang='grc' dir='ltr'><em>ἔφοδος</em></span> <span class='ocrx_word' id='word_1_86' title='bbox 265 1422 321 1496; x_wconf 80' lang='grc' dir='ltr'><em>της</em></span> <span class='ocrx_word' id='word_1_87' title='bbox 353 1422 557 1498; x_wconf 79' lang='grc' dir='ltr'><em>προτροπῆς·</em></span> <span class='ocrx_word' id='word_1_88' title='bbox 589 1415 621 1478; x_wconf 88' lang='grc' dir='ltr'><em>εί</em></span> <span class='ocrx_word' id='word_1_89' title='bbox 645 1414 708 1498; x_wconf 75' lang='grc' dir='ltr'><em>γὰρ</em></span> <span class='ocrx_word' id='word_1_90' title='bbox 736 1422 793 1496; x_wconf 79' lang='grc' dir='ltr'><em>τῆς</em></span> <span class='ocrx_word' id='word_1_91' title='bbox 820 1414 975 1496; x_wconf 79' lang='grc' dir='ltr'><em>τοιαύτης</em></span> <span class='ocrx_word' id='word_1_92' title='bbox 1002 1419 1124 1498; x_wconf 86' lang='grc' dir='ltr'><em>σοφίας</em></span> 
     </span>
     <span class='ocr_line' id='line_1_13' title="bbox 111 1518 1197 1607; baseline -0.006 -24"><span class='ocrx_word' id='word_1_93' title='bbox 111 1520 187 1584; x_wconf 77' lang='grc' dir='ltr'><em>οὔτε</em></span> <span class='ocrx_word' id='word_1_94' title='bbox 209 1519 480 1607; x_wconf 79' lang='grc' dir='ltr'><em>καθολικωτίραν</em></span> <span class='ocrx_word' id='word_1_95' title='bbox 500 1520 576 1585; x_wconf 77' lang='grc' dir='ltr'><em>οὔτε</em></span> <span class='ocrx_word' id='word_1_96' title='bbox 600 1519 806 1606; x_wconf 79' lang='grc' dir='ltr'><em>τελειοτέραν</em></span> <span class='ocrx_word' id='word_1_97' title='bbox 825 1520 902 1584; x_wconf 78' lang='grc' dir='ltr'><em>οὔτε</em></span> <span class='ocrx_word' id='word_1_98' title='bbox 925 1518 1122 1604; x_wconf 81' lang='grc' dir='ltr'><em>κοινοτέραν</em></span> <span class='ocrx_word' id='word_1_99' title='bbox 1137 1539 1197 1578; x_wconf 77' lang='grc' dir='ltr'><em>εεΚ.</em></span> 
     </span>
     <span class='ocr_line' id='line_1_14' title="bbox 111 1625 1125 1714; baseline 0 -23"><span class='ocrx_word' id='word_1_100' title='bbox 111 1625 187 1692; x_wconf 81' lang='grc' dir='ltr'><em>οὔτε</em></span> <span class='ocrx_word' id='word_1_101' title='bbox 211 1626 474 1713; x_wconf 81' lang='grc' dir='ltr'><em>αὐταρκεστέραν</em></span> <span class='ocrx_word' id='word_1_102' title='bbox 498 1628 574 1692; x_wconf 81' lang='grc' dir='ltr'><em>οὔτε</em></span> <span class='ocrx_word' id='word_1_103' title='bbox 598 1626 939 1714; x_wconf 75' lang='grc' dir='ltr'><em>ἀναθοειδεστέρανῆ</em></span> <span class='ocrx_word' id='word_1_104' title='bbox 962 1629 1125 1692; x_wconf 88' lang='grc' dir='ltr'><em>καλλίονα</em></span> 
     </span>
     <span class='ocr_line' id='line_1_15' title="bbox 111 1725 1126 1822; baseline 0 -25"><span class='ocrx_word' id='word_1_105' title='bbox 111 1733 258 1799; x_wconf 88' lang='grc' dir='ltr'><em>δυνατὸν</em></span> <span class='ocrx_word' id='word_1_106' title='bbox 286 1739 433 1822; x_wconf 72' lang='grc' dir='ltr'><em>λογισμῷ</em></span> <span class='ocrx_word' id='word_1_107' title='bbox 463 1737 592 1817; x_wconf 82' lang='grc' dir='ltr'><em>λαβεῖν,</em></span> <span class='ocrx_word' id='word_1_108' title='bbox 625 1736 745 1818; x_wconf 81' lang='grc' dir='ltr'><em>ταύτης</em></span> <span class='ocrx_word' id='word_1_109' title='bbox 774 1734 929 1817; x_wconf 80' lang='grc' dir='ltr'><em>ἐφίεσθαι</em></span> <span class='ocrx_word' id='word_1_110' title='bbox 956 1734 1017 1818; x_wconf 83' lang='grc' dir='ltr'><em>χρη</em></span> <span class='ocrx_word' id='word_1_111' title='bbox 1046 1725 1126 1809; x_wconf 87' lang='grc' dir='ltr'><em>τοὺς</em></span> 
     </span>
    </p>

    <p class='ocr_par' dir='ltr' id='par_1_4' title="bbox 71 1838 1000 1923">
     <span class='ocr_line' id='line_1_16' title="bbox 71 1838 1000 1923; baseline 0 -20"><span class='ocrx_word' id='word_1_112' title='bbox 71 1857 97 1897; x_wconf 81' lang='lat'><em>1⁵</em></span> <span class='ocrx_word' id='word_1_113' title='bbox 112 1838 339 1923; x_wconf 78' lang='grc' dir='ltr'><em>βουλομένους</em></span> <span class='ocrx_word' id='word_1_114' title='bbox 361 1842 443 1906; x_wconf 80' lang='grc' dir='ltr'><em>κατὰ</em></span> <span class='ocrx_word' id='word_1_115' title='bbox 466 1844 568 1922; x_wconf 80' lang='grc' dir='ltr'><em>λόγον</em></span> <span class='ocrx_word' id='word_1_116' title='bbox 591 1839 646 1905; x_wconf 86' lang='grc' dir='ltr'><em>καὶ</em></span> <span class='ocrx_word' id='word_1_117' title='bbox 669 1849 754 1905; x_wconf 87' lang='grc' dir='ltr'><em>νοῦν</em></span> <span class='ocrx_word' id='word_1_118' title='bbox 778 1839 1000 1923; x_wconf 75' lang='grc' dir='ltr'><em>εὐδαιμονεῖν.</em></span> 
     </span>
    </p>

    <p class='ocr_par' dir='ltr' id='par_1_5' title="bbox 197 1940 1125 2032">
     <span class='ocr_line' id='line_1_17' title="bbox 197 1940 1125 2032; baseline -0.001 -23"><span class='ocrx_word' id='word_1_119' title='bbox 197 1940 253 2010; x_wconf 87' lang='grc' dir='ltr'><em>Ἐν</em></span> <span class='ocrx_word' id='word_1_120' title='bbox 267 1955 312 2032; x_wconf 76' lang='grc' dir='ltr'><em>τῷ</em></span> <span class='ocrx_word' id='word_1_121' title='bbox 328 1946 413 2011; x_wconf 83' lang='grc' dir='ltr'><em>τέλει</em></span> <span class='ocrx_word' id='word_1_122' title='bbox 426 1950 543 2011; x_wconf 92' lang='grc' dir='ltr'><em>τοίνυν</em></span> <span class='ocrx_word' id='word_1_123' title='bbox 557 1948 639 2028; x_wconf 83' lang='grc' dir='ltr'><em>πρὸς</em></span> <span class='ocrx_word' id='word_1_124' title='bbox 654 1946 733 2012; x_wconf 84' lang='grc' dir='ltr'><em>αὐτὸ</em></span> <span class='ocrx_word' id='word_1_125' title='bbox 747 1946 785 2010; x_wconf 89' lang='grc' dir='ltr'><em>τὸ</em></span> <span class='ocrx_word' id='word_1_126' title='bbox 800 1945 982 2030; x_wconf 83' lang='grc' dir='ltr'><em>ἀκρότατον</em></span> <span class='ocrx_word' id='word_1_127' title='bbox 996 1946 1125 2009; x_wconf 77' lang='grc' dir='ltr'><em>ἄνεισιν</em></span> 
     </span>
    </p>

    <p class='ocr_par' dir='ltr' id='par_1_6' title="bbox 70 2043 1197 2882">
     <span class='ocr_line' id='line_1_18' title="bbox 109 2043 1197 2136; baseline -0.008 -20"><span class='ocrx_word' id='word_1_128' title='bbox 109 2050 130 2133; x_wconf 81' lang='grc' dir='ltr'><em>ἡ</em></span> <span class='ocrx_word' id='word_1_129' title='bbox 149 2052 354 2136; x_wconf 82' lang='grc' dir='ltr'><em>παράκλησις</em></span> <span class='ocrx_word' id='word_1_130' title='bbox 373 2047 440 2117; x_wconf 81' lang='grc' dir='ltr'><em>ὧδέ</em></span> <span class='ocrx_word' id='word_1_131' title='bbox 454 2072 536 2128; x_wconf 83' lang='grc' dir='ltr'><em>πως·</em></span> <span class='ocrx_word' id='word_1_132' title='bbox 556 2051 680 2129; x_wconf 59' lang='grc' dir='ltr'><em>εὅστις</em></span> <span class='ocrx_word' id='word_1_133' title='bbox 699 2049 751 2118; x_wconf 83' lang='grc' dir='ltr'><em>ὦν</em></span> <span class='ocrx_word' id='word_1_134' title='bbox 771 2052 964 2117; x_wconf 86' lang='grc' dir='ltr'><em>ἀναλῦσαι</em></span> <span class='ocrx_word' id='word_1_135' title='bbox 984 2043 1067 2128; x_wconf 81' lang='grc' dir='ltr'><em>οἷός</em></span> <span class='ocrx_word' id='word_1_136' title='bbox 1085 2050 1128 2116; x_wconf 84' lang='grc' dir='ltr'><em>τέ</em></span> <span class='ocrx_word' id='word_1_137' title='bbox 1140 2068 1197 2110; x_wconf 74' lang='grc' dir='ltr'><em>εει.</em></span> 
     </span>
     <span class='ocr_line' id='line_1_19' title="bbox 110 2156 1125 2244; baseline 0.001 -23"><span class='ocrx_word' id='word_1_138' title='bbox 110 2157 193 2222; x_wconf 78' lang='grc' dir='ltr'><em>ἐντι</em></span> <span class='ocrx_word' id='word_1_139' title='bbox 215 2157 340 2222; x_wconf 80' lang='grc' dir='ltr'><em>πάντα</em></span> <span class='ocrx_word' id='word_1_140' title='bbox 362 2160 406 2223; x_wconf 79' lang='grc' dir='ltr'><em>τὰ</em></span> <span class='ocrx_word' id='word_1_141' title='bbox 429 2157 544 2241; x_wconf 79' lang='grc' dir='ltr'><em>γένεα</em></span> <span class='ocrx_word' id='word_1_142' title='bbox 562 2159 637 2223; x_wconf 85' lang='grc' dir='ltr'><em>ὑπὸ</em></span> <span class='ocrx_word' id='word_1_143' title='bbox 657 2162 750 2244; x_wconf 89' lang='grc' dir='ltr'><em>μίαν</em></span> <span class='ocrx_word' id='word_1_144' title='bbox 769 2183 807 2224; x_wconf 93' lang='grc' dir='ltr'><em>τε</em></span> <span class='ocrx_word' id='word_1_145' title='bbox 830 2156 894 2223; x_wconf 86' lang='grc' dir='ltr'><em>καὶ</em></span> <span class='ocrx_word' id='word_1_146' title='bbox 912 2159 982 2223; x_wconf 83' lang='grc' dir='ltr'><em>τὰν</em></span> <span class='ocrx_word' id='word_1_147' title='bbox 1002 2157 1125 2223; x_wconf 79' lang='grc' dir='ltr'><em>αὐτὰν</em></span> 
     </span>
     <span class='ocr_line' id='line_1_20' title="bbox 110 2261 1125 2348; baseline 0.002 -22"><span class='ocrx_word' id='word_1_148' title='bbox 110 2261 233 2346; x_wconf 82' lang='grc' dir='ltr'><em>ἀρχὰν</em></span> <span class='ocrx_word' id='word_1_149' title='bbox 264 2262 328 2328; x_wconf 87' lang='grc' dir='ltr'><em>καὶ</em></span> <span class='ocrx_word' id='word_1_150' title='bbox 365 2265 483 2330; x_wconf 78' lang='grc' dir='ltr'><em>πάλιν</em></span> <span class='ocrx_word' id='word_1_151' title='bbox 516 2268 734 2330; x_wconf 80' lang='grc' dir='ltr'><em>συνθεῖναί</em></span> <span class='ocrx_word' id='word_1_152' title='bbox 761 2288 801 2330; x_wconf 87' lang='grc' dir='ltr'><em>τε</em></span> <span class='ocrx_word' id='word_1_153' title='bbox 833 2263 896 2329; x_wconf 79' lang='grc' dir='ltr'><em>καὶ</em></span> <span class='ocrx_word' id='word_1_154' title='bbox 929 2271 1125 2348; x_wconf 76' lang='grc' dir='ltr'><em>συναριθ-</em></span> 
     </span>
     <span class='ocr_line' id='line_1_21' title="bbox 70 2366 1125 2456; baseline 0.006 -28"><span class='ocrx_word' id='word_1_155' title='bbox 70 2371 346 2453; x_wconf 78' lang='grc' dir='ltr'><em>εομησασθαι,</em></span> <span class='ocrx_word' id='word_1_156' title='bbox 384 2366 509 2448; x_wconf 85' lang='grc' dir='ltr'><em>οὗτος</em></span> <span class='ocrx_word' id='word_1_157' title='bbox 547 2373 668 2437; x_wconf 88' lang='grc' dir='ltr'><em>δοκεῖ</em></span> <span class='ocrx_word' id='word_1_158' title='bbox 702 2395 767 2456; x_wconf 93' lang='grc' dir='ltr'><em>μοι</em></span> <span class='ocrx_word' id='word_1_159' title='bbox 799 2369 863 2436; x_wconf 81' lang='grc' dir='ltr'><em>καὶ</em></span> <span class='ocrx_word' id='word_1_160' title='bbox 895 2372 1125 2454; x_wconf 84' lang='grc' dir='ltr'><em>σοφώτατος</em></span> 
     </span>
     <span class='ocr_line' id='line_1_22' title="bbox 109 2470 1126 2560; baseline 0.001 -21"><span class='ocrx_word' id='word_1_161' title='bbox 109 2470 206 2560; x_wconf 75' lang='grc' dir='ltr'><em>ἦμεν</em></span> <span class='ocrx_word' id='word_1_162' title='bbox 238 2474 301 2540; x_wconf 78' lang='grc' dir='ltr'><em>καὶ</em></span> <span class='ocrx_word' id='word_1_163' title='bbox 333 2477 703 2560; x_wconf 75' lang='grc' dir='ltr'><em>παναλαθίστατος,</em></span> <span class='ocrx_word' id='word_1_164' title='bbox 742 2480 797 2542; x_wconf 83' lang='grc' dir='ltr'><em>ἔτι</em></span> <span class='ocrx_word' id='word_1_165' title='bbox 836 2473 876 2541; x_wconf 70' lang='grc' dir='ltr'><em>δὲ</em></span> <span class='ocrx_word' id='word_1_166' title='bbox 908 2475 971 2542; x_wconf 80' lang='grc' dir='ltr'><em>καὶ</em></span> <span class='ocrx_word' id='word_1_167' title='bbox 1002 2477 1126 2541; x_wconf 82' lang='grc' dir='ltr'><em>καλὰν</em></span> 
     </span>
     <span class='ocr_line' id='line_1_23' title="bbox 110 2579 1126 2668; baseline 0.001 -23"><span class='ocrx_word' id='word_1_168' title='bbox 110 2582 279 2646; x_wconf 84' lang='grc' dir='ltr'><em>σκοπιδιν</em></span> <span class='ocrx_word' id='word_1_169' title='bbox 312 2582 539 2668; x_wconf 82' lang='grc' dir='ltr'><em>εὑρηκέναι,</em></span> <span class='ocrx_word' id='word_1_170' title='bbox 573 2581 634 2667; x_wconf 84' lang='grc' dir='ltr'><em>ἀφ’</em></span> <span class='ocrx_word' id='word_1_171' title='bbox 667 2579 712 2660; x_wconf 84' lang='grc' dir='ltr'><em>ἇς</em></span> <span class='ocrx_word' id='word_1_172' title='bbox 744 2585 914 2659; x_wconf 90' lang='grc' dir='ltr'><em>δυνατὸς</em></span> <span class='ocrx_word' id='word_1_173' title='bbox 946 2583 1126 2648; x_wconf 77' lang='grc' dir='ltr'><em>ἐσσεῖται</em></span> 
     </span>
     <span class='ocr_line' id='line_1_24' title="bbox 109 2687 1133 2775; baseline 0.002 -25"><span class='ocrx_word' id='word_1_174' title='bbox 109 2688 177 2751; x_wconf 85' lang='grc' dir='ltr'><em>τὸν</em></span> <span class='ocrx_word' id='word_1_175' title='bbox 218 2689 317 2753; x_wconf 79' lang='grc' dir='ltr'><em>θεὸν</em></span> <span class='ocrx_word' id='word_1_176' title='bbox 354 2695 620 2767; x_wconf 78' lang='grc' dir='ltr'><em>κατοψεῖσθαι</em></span> <span class='ocrx_word' id='word_1_177' title='bbox 656 2687 721 2754; x_wconf 78' lang='grc' dir='ltr'><em>καὶ</em></span> <span class='ocrx_word' id='word_1_178' title='bbox 757 2690 884 2754; x_wconf 81' lang='grc' dir='ltr'><em>πάντα</em></span> <span class='ocrx_word' id='word_1_179' title='bbox 920 2690 965 2754; x_wconf 82' lang='grc' dir='ltr'><em>τὰ</em></span> <span class='ocrx_word' id='word_1_180' title='bbox 1002 2689 1043 2754; x_wconf 82' lang='grc' dir='ltr'><em>ἐν</em></span> <span class='ocrx_word' id='word_1_181' title='bbox 1079 2696 1133 2775; x_wconf 80' lang='grc' dir='ltr'><em>τᾷ,</em></span> 
     </span>
     <span class='ocr_line' id='line_1_25' title="bbox 110 2793 1127 2882; baseline 0 -24"><span class='ocrx_word' id='word_1_182' title='bbox 110 2797 318 2882; x_wconf 78' lang='grc' dir='ltr'><em>συστοιχίᾳ</em></span> <span class='ocrx_word' id='word_1_183' title='bbox 355 2793 418 2860; x_wconf 80' lang='grc' dir='ltr'><em>καὶ</em></span> <span class='ocrx_word' id='word_1_184' title='bbox 454 2794 564 2873; x_wconf 81' lang='grc' dir='ltr'><em>τάξει</em></span> <span class='ocrx_word' id='word_1_185' title='bbox 600 2802 644 2881; x_wconf 81' lang='grc' dir='ltr'><em>τᾷ</em></span> <span class='ocrx_word' id='word_1_186' title='bbox 682 2794 819 2860; x_wconf 79' lang='grc' dir='ltr'><em>ἐκείνω</em></span> <span class='ocrx_word' id='word_1_187' title='bbox 861 2816 1127 2880; x_wconf 86' lang='grc' dir='ltr'><em>κατακεχωρι-</em></span> 
     </span>
    </p>

    <p class='ocr_par' dir='ltr' id='par_1_7' title="bbox 70 2899 1197 2986">
     <span class='ocr_line' id='line_1_26' title="bbox 70 2899 1197 2986; baseline 0 -22"><span class='ocrx_word' id='word_1_188' title='bbox 70 2899 250 2985; x_wconf 74' lang='grc' dir='ltr'><em>εσσμένα,</em></span> <span class='ocrx_word' id='word_1_189' title='bbox 280 2900 345 2965; x_wconf 83' lang='grc' dir='ltr'><em>καὶ</em></span> <span class='ocrx_word' id='word_1_190' title='bbox 372 2902 519 2966; x_wconf 85' lang='grc' dir='ltr'><em>ταύταν</em></span> <span class='ocrx_word' id='word_1_191' title='bbox 543 2901 823 2986; x_wconf 75' lang='grc' dir='ltr'><em>ἁρματήλατον</em></span> <span class='ocrx_word' id='word_1_192' title='bbox 847 2900 944 2966; x_wconf 83' lang='grc' dir='ltr'><em>ὁδὸν</em></span> <span class='ocrx_word' id='word_1_193' title='bbox 967 2900 1124 2986; x_wconf 81' lang='grc' dir='ltr'><em>ἐκτορι-</em></span> <span class='ocrx_word' id='word_1_194' title='bbox 1140 2916 1197 2957; x_wconf 74' lang='grc' dir='ltr'><em>6οΚ</em></span> 
     </span>
    </p>
   </div>
   <div class='ocr_carea' id='block_1_3' title="bbox 200 3083 1042 3162">
    <p class='ocr_par' dir='ltr' id='par_1_8' title="bbox 200 3083 1042 3162">
     <span class='ocr_line' id='line_1_27' title="bbox 200 3083 1042 3162; baseline 0.001 -18"><span class='ocrx_word' id='word_1_195' title='bbox 200 3098 241 3146; x_wconf 83' lang='grc'><em>17.</em></span> <span class='ocrx_word' id='word_1_196' title='bbox 261 3097 296 3146; x_wconf 76' lang='lat'><em>24</em></span> <span class='ocrx_word' id='word_1_197' title='bbox 315 3087 389 3154; x_wconf 81' lang='grc' dir='ltr'><em>ὅστις</em></span> <span class='ocrx_word' id='word_1_198' title='bbox 408 3083 447 3145; x_wconf 76' lang='grc' dir='ltr'><em>ὧν</em></span> <span class='ocrx_word' id='word_1_199' title='bbox 467 3123 500 3132; x_wconf 95' lang='grc'>-</span> <span class='ocrx_word' id='word_1_200' title='bbox 520 3089 784 3162; x_wconf 81' lang='grc' dir='ltr'><em>κατακεχωρισμὲνα</em></span> <span class='ocrx_word' id='word_1_201' title='bbox 802 3091 962 3146; x_wconf 74' lang='lat' dir='ltr'>Perictione</span> <span class='ocrx_word' id='word_1_202' title='bbox 980 3093 998 3147; x_wconf 92' lang='lat' dir='ltr'><em>l.</em></span> <span class='ocrx_word' id='word_1_203' title='bbox 1019 3110 1042 3146; x_wconf 92' lang='grc' dir='ltr'><em>ο.</em></span> 
     </span>
    </p>
   </div>
   <div class='ocr_carea' id='block_1_4' title="bbox 112 3265 1127 3481">
    <p class='ocr_par' dir='ltr' id='par_1_9' title="bbox 112 3265 1127 3481">
     <span class='ocr_line' id='line_1_28' title="bbox 200 3265 1099 3340; baseline -0.004 -15"><span class='ocrx_word' id='word_1_204' title='bbox 200 3270 317 3325; x_wconf 62' lang='lat' dir='ltr'>emito</span> <span class='ocrx_word' id='word_1_205' title='bbox 340 3268 404 3323; x_wconf 74' lang='lat' dir='ltr'><strong>fort.</strong></span> <span class='ocrx_word' id='word_1_206' title='bbox 427 3270 503 3323; x_wconf 79' lang='lat' dir='ltr'>recte</span> <span class='ocrx_word' id='word_1_207' title='bbox 525 3269 558 3337; x_wconf 86' lang='lat' dir='ltr'><em>K,</em></span> <span class='ocrx_word' id='word_1_208' title='bbox 582 3269 676 3324; x_wconf 83' lang='lat' dir='ltr'>nescio</span> <span class='ocrx_word' id='word_1_209' title='bbox 699 3270 774 3325; x_wconf 85' lang='lat' dir='ltr'>unde</span> <span class='ocrx_word' id='word_1_210' title='bbox 796 3271 806 3338; x_wconf 71' lang='lat' dir='ltr'>fl</span> <span class='ocrx_word' id='word_1_211' title='bbox 829 3274 844 3322; x_wconf 79' lang='lat'>7</span> <span class='ocrx_word' id='word_1_212' title='bbox 868 3265 981 3340; x_wconf 74' lang='grc' dir='ltr'><em>πρώτην</em></span> <span class='ocrx_word' id='word_1_213' title='bbox 1000 3267 1099 3323; x_wconf 82' lang='lat' dir='ltr'>Vitelli</span> 
     </span>
     <span class='ocr_line' id='line_1_29' title="bbox 112 3332 1104 3411; baseline -0.003 -16"><span class='ocrx_word' id='word_1_214' title='bbox 112 3348 144 3396; x_wconf 77' lang='lat'><em>17</em></span> <span class='ocrx_word' id='word_1_215' title='bbox 164 3336 239 3402; x_wconf 80' lang='grc' dir='ltr'><em>ὅστις</em></span> <span class='ocrx_word' id='word_1_216' title='bbox 258 3332 309 3411; x_wconf 77' lang='grc' dir='ltr'><em>ὦν]</em></span> <span class='ocrx_word' id='word_1_217' title='bbox 328 3340 394 3394; x_wconf 83' lang='lat' dir='ltr'><strong>hinc</strong></span> <span class='ocrx_word' id='word_1_218' title='bbox 411 3356 516 3394; x_wconf 87' lang='lat' dir='ltr'>novum</span> <span class='ocrx_word' id='word_1_219' title='bbox 535 3344 621 3409; x_wconf 75' lang='lat' dir='ltr'>caput</span> <span class='ocrx_word' id='word_1_220' title='bbox 639 3339 697 3410; x_wconf 88' lang='lat' dir='ltr'>(IV)</span> <span class='ocrx_word' id='word_1_221' title='bbox 714 3341 744 3394; x_wconf 90' lang='lat' dir='ltr'><em>in</em></span> <span class='ocrx_word' id='word_1_222' title='bbox 760 3343 783 3394; x_wconf 88' lang='grc' dir='ltr'>Α</span> <span class='ocrx_word' id='word_1_223' title='bbox 797 3343 807 3410; x_wconf 69' lang='grc' dir='ltr'><em>η</em></span> <span class='ocrx_word' id='word_1_224' title='bbox 820 3335 846 3394; x_wconf 87' lang='grc' dir='ltr'><em>τ’</em></span> <span class='ocrx_word' id='word_1_225' title='bbox 869 3336 927 3394; x_wconf 75' lang='grc' dir='ltr'><em>ἐντὶ</em></span> <span class='ocrx_word' id='word_1_226' title='bbox 941 3341 978 3395; x_wconf 85' lang='lat' dir='ltr'><em>K:</em></span> <span class='ocrx_word' id='word_1_227' title='bbox 998 3339 1029 3395; x_wconf 84' lang='grc' dir='ltr'><em>τέ</em></span> <span class='ocrx_word' id='word_1_228' title='bbox 1045 3334 1104 3393; x_wconf 78' lang='grc' dir='ltr'><em>ἐστι</em></span> 
     </span>
     <span class='ocr_line' id='line_1_30' title="bbox 112 3409 1127 3481; baseline -0.003 -15"><span class='ocrx_word' id='word_1_229' title='bbox 112 3417 145 3466; x_wconf 86' lang='grc'><em>19</em></span> <span class='ocrx_word' id='word_1_230' title='bbox 160 3409 432 3480; x_wconf 77' lang='grc' dir='ltr'><em>συναριδμάσασδαι</em></span> <span class='ocrx_word' id='word_1_231' title='bbox 442 3410 595 3466; x_wconf 75' lang='lat' dir='ltr'>coniecitK</span> <span class='ocrx_word' id='word_1_232' title='bbox 608 3413 617 3481; x_wconf 91' lang='grc' dir='ltr'><em>ΙΙ</em></span> <span class='ocrx_word' id='word_1_233' title='bbox 631 3417 664 3465; x_wconf 81' lang='grc'><em>21</em></span> <span class='ocrx_word' id='word_1_234' title='bbox 680 3410 933 3473; x_wconf 75' lang='grc' dir='ltr'><em>παναλαθέστατος</em></span> <span class='ocrx_word' id='word_1_235' title='bbox 943 3409 1025 3466; x_wconf 70' lang='lat' dir='ltr'>Gale:</span> <span class='ocrx_word' id='word_1_236' title='bbox 1035 3430 1127 3464; x_wconf 81' lang='grc' dir='ltr'><em>κοινα-</em></span> 
     </span>
    </p>
   </div>
   <div class='ocr_carea' id='block_1_5' title="bbox 80 3477 1128 3624">
    <p class='ocr_par' dir='ltr' id='par_1_10' title="bbox 80 3477 1128 3624">
     <span class='ocr_line' id='line_1_31' title="bbox 94 3477 1128 3561; baseline 0.004 -30"><span class='ocrx_word' id='word_1_237' title='bbox 94 3482 277 3561; x_wconf 60' lang='grc' dir='ltr'><em>ληθελιζατος</em></span> <span class='ocrx_word' id='word_1_238' title='bbox 290 3483 309 3549; x_wconf 79' lang='grc' dir='ltr'><em>β</em></span> <span class='ocrx_word' id='word_1_239' title='bbox 323 3488 359 3537; x_wconf 79' lang='grc'><em>24</em></span> <span class='ocrx_word' id='word_1_240' title='bbox 378 3480 442 3548; x_wconf 77' lang='grc' dir='ltr'><em>τάξι</em></span> <span class='ocrx_word' id='word_1_241' title='bbox 460 3481 587 3538; x_wconf 82' lang='lat' dir='ltr'>Mullaeh</span> <span class='ocrx_word' id='word_1_242' title='bbox 606 3481 644 3552; x_wconf 80' lang='grc' dir='ltr'><em>(ΙΙ</em></span> <span class='ocrx_word' id='word_1_243' title='bbox 662 3501 689 3554; x_wconf 79' lang='grc' dir='ltr'><em>μ.</em></span> <span class='ocrx_word' id='word_1_244' title='bbox 709 3484 754 3552; x_wconf 83' lang='grc'><em>33)</em></span> <span class='ocrx_word' id='word_1_245' title='bbox 776 3484 787 3552; x_wconf 71' lang='lat' dir='ltr'>u</span> <span class='ocrx_word' id='word_1_246' title='bbox 809 3477 908 3536; x_wconf 75' lang='grc' dir='ltr'><em>ἐκείνω</em></span> <span class='ocrx_word' id='word_1_247' title='bbox 928 3482 966 3535; x_wconf 88' lang='lat' dir='ltr'><em>K:</em></span> <span class='ocrx_word' id='word_1_248' title='bbox 987 3477 1099 3536; x_wconf 72' lang='grc' dir='ltr'><em>ἐκείνου</em></span> <span class='ocrx_word' id='word_1_249' title='bbox 1117 3481 1128 3554; x_wconf 67' lang='grc' dir='ltr'>Η</span> 
     </span>
     <span class='ocr_line' id='line_1_32' title="bbox 80 3549 609 3624; baseline 0.023 -22"><span class='ocrx_word' id='word_1_250' title='bbox 80 3549 121 3592; x_wconf 70' lang='lat'><em>25</em></span> <span class='ocrx_word' id='word_1_251' title='bbox 139 3567 255 3602; x_wconf 81' lang='grc' dir='ltr'><em>τανταν</em></span> <span class='ocrx_word' id='word_1_252' title='bbox 273 3549 331 3607; x_wconf 71' lang='grc' dir='ltr'><em>τάν</em></span> <span class='ocrx_word' id='word_1_253' title='bbox 346 3552 384 3624; x_wconf 85' lang='grc' dir='ltr'><em>Κ,</em></span> <span class='ocrx_word' id='word_1_254' title='bbox 404 3555 504 3613; x_wconf 81' lang='lat' dir='ltr'>nescio</span> <span class='ocrx_word' id='word_1_255' title='bbox 524 3556 609 3614; x_wconf 86' lang='lat' dir='ltr'>unde.</span> 
     </span>
    </p>
   </div>
   <div class='ocr_carea' id='block_1_6' title="bbox 0 0 1223 3848">
    <p class='ocr_par' dir='ltr' id='par_1_11' title="bbox 0 0 1223 3848">
     <span class='ocr_line' id='line_1_33' title="bbox 0 0 1223 3848; baseline 0 0"><span class='ocrx_word' id='word_1_256' title='bbox 0 0 1223 3848; x_wconf 95' lang='lat' dir='ltr'><em> </em></span> 
     </span>
    </p>
   </div>
  </div>
 </body>
</html>
