<?xml version="1.0" encoding="UTF-8"?>
<!DOCTYPE html PUBLIC "-//W3C//DTD XHTML 1.0 Transitional//EN"
    "http://www.w3.org/TR/xhtml1/DTD/xhtml1-transitional.dtd">
<html xmlns="http://www.w3.org/1999/xhtml" xml:lang="en" lang="en">
 <head>
  <title>
</title>
<meta http-equiv="Content-Type" content="text/html;charset=utf-8" />
  <meta name='ocr-system' content='tesseract 3.04.00' />
  <meta name='ocr-capabilities' content='ocr_page ocr_carea ocr_par ocr_line ocrx_word'/>
</head>
<body>
  <div class='ocr_page' id='page_1' title='image "./iamblichiprotre00jambgoog_0113.png"; bbox 0 0 2430 3848; ppageno 0'>
   <div class='ocr_carea' id='block_1_1' title="bbox 119 179 719 244">
    <p class='ocr_par' dir='ltr' id='par_1_1' title="bbox 119 179 719 244">
     <span class='ocr_line' id='line_1_1' title="bbox 119 179 719 244; baseline -0.017 -1"><span class='ocrx_word' id='word_1_1' title='bbox 119 180 162 244; x_wconf 87' lang='grc'><em>94</em></span> <span class='ocrx_word' id='word_1_2' title='bbox 527 179 719 234; x_wconf 79' lang='lat' dir='ltr'><strong>IAMBLICHI</strong></span> 
     </span>
    </p>
   </div>
   <div class='ocr_carea' id='block_1_2' title="bbox 70 341 1174 3398">
    <p class='ocr_par' dir='ltr' id='par_1_2' title="bbox 70 341 1174 3398">
     <span class='ocr_line' id='line_1_2' title="bbox 118 341 1139 426; baseline 0.005 -20"><span class='ocrx_word' id='word_1_3' title='bbox 118 347 213 413; x_wconf 87' lang='grc' dir='ltr'><em>λιστα</em></span> <span class='ocrx_word' id='word_1_4' title='bbox 238 341 468 426; x_wconf 84' lang='grc' dir='ltr'><em>έμφαίνουσαν</em></span> <span class='ocrx_word' id='word_1_5' title='bbox 491 351 605 425; x_wconf 86' lang='grc' dir='ltr'><em>τοῦτο,</em></span> <span class='ocrx_word' id='word_1_6' title='bbox 633 343 677 420; x_wconf 82' lang='grc' dir='ltr'><em>ὡς</em></span> <span class='ocrx_word' id='word_1_7' title='bbox 700 342 762 407; x_wconf 86' lang='grc' dir='ltr'><em>οὐκ</em></span> <span class='ocrx_word' id='word_1_8' title='bbox 785 341 989 408; x_wconf 80' lang='grc' dir='ltr'><em>ἀπέσπασται</em></span> <span class='ocrx_word' id='word_1_9' title='bbox 1011 346 1052 409; x_wconf 88' lang='grc' dir='ltr'><em>τδι</em></span> <span class='ocrx_word' id='word_1_10' title='bbox 1075 355 1139 411; x_wconf 86' lang='grc' dir='ltr'><em>τοῦ</em></span> 
     </span>
     <span class='ocr_line' id='line_1_3' title="bbox 118 447 1140 533; baseline 0.006 -22"><span class='ocrx_word' id='word_1_11' title='bbox 118 449 220 529; x_wconf 98' lang='grc' dir='ltr'><em>λόγου</em></span> <span class='ocrx_word' id='word_1_12' title='bbox 251 457 312 513; x_wconf 84' lang='grc' dir='ltr'><em>τοῦ</em></span> <span class='ocrx_word' id='word_1_13' title='bbox 345 450 426 513; x_wconf 80' lang='grc' dir='ltr'><em>κατὰ</em></span> <span class='ocrx_word' id='word_1_14' title='bbox 463 452 670 533; x_wconf 80' lang='grc' dir='ltr'><em>φιλοσοφίαν</em></span> <span class='ocrx_word' id='word_1_15' title='bbox 707 447 806 533; x_wconf 89' lang='grc' dir='ltr'><em>μέρη,</em></span> <span class='ocrx_word' id='word_1_16' title='bbox 843 458 964 533; x_wconf 79' lang='grc' dir='ltr'><em>συνεχῆ</em></span> <span class='ocrx_word' id='word_1_17' title='bbox 999 448 1029 515; x_wconf 93' lang='grc' dir='ltr'><em>δ’</em></span> <span class='ocrx_word' id='word_1_18' title='bbox 1067 450 1140 518; x_wconf 79' lang='grc' dir='ltr'><em>ἐστὶ</em></span> 
     </span>
     <span class='ocr_line' id='line_1_4' title="bbox 117 549 1138 640; baseline 0.006 -23"><span class='ocrx_word' id='word_1_19' title='bbox 117 553 224 619; x_wconf 88' lang='grc' dir='ltr'><em>πάντα</em></span> <span class='ocrx_word' id='word_1_20' title='bbox 252 557 335 636; x_wconf 89' lang='grc' dir='ltr'><em>πρὸς</em></span> <span class='ocrx_word' id='word_1_21' title='bbox 358 557 492 639; x_wconf 91' lang='grc' dir='ltr'><em>ἀλληλα.</em></span> <span class='ocrx_word' id='word_1_22' title='bbox 537 556 620 620; x_wconf 87' lang='grc' dir='ltr'><em>ιιατά</em></span> <span class='ocrx_word' id='word_1_23' title='bbox 649 555 690 638; x_wconf 82' lang='grc' dir='ltr'><em>δη</em></span> <span class='ocrx_word' id='word_1_24' title='bbox 714 555 838 638; x_wconf 90' lang='grc' dir='ltr'><em>ταύτην</em></span> <span class='ocrx_word' id='word_1_25' title='bbox 863 549 925 620; x_wconf 84' lang='grc' dir='ltr'><em>οὖν</em></span> <span class='ocrx_word' id='word_1_26' title='bbox 948 556 1009 639; x_wconf 80' lang='grc' dir='ltr'><em>τὴν</em></span> <span class='ocrx_word' id='word_1_27' title='bbox 1033 555 1138 640; x_wconf 89' lang='grc' dir='ltr'><em>μέθο-</em></span> 
     </span>
     <span class='ocr_line' id='line_1_5' title="bbox 119 659 1141 747; baseline 0.005 -24"><span class='ocrx_word' id='word_1_28' title='bbox 119 660 180 724; x_wconf 92' lang='grc' dir='ltr'><em>δον</em></span> <span class='ocrx_word' id='word_1_29' title='bbox 208 659 271 725; x_wconf 89' lang='grc' dir='ltr'><em>ἀπὸ</em></span> <span class='ocrx_word' id='word_1_30' title='bbox 301 672 369 726; x_wconf 82' lang='grc' dir='ltr'><em>τῶν</em></span> <span class='ocrx_word' id='word_1_31' title='bbox 396 663 602 746; x_wconf 79' lang='grc' dir='ltr'><strong><em>τιμιωτάτων</em></strong></span> <span class='ocrx_word' id='word_1_32' title='bbox 630 661 800 747; x_wconf 76' lang='grc' dir='ltr'><em>ἀρχόμεθα</em></span> <span class='ocrx_word' id='word_1_33' title='bbox 827 673 974 747; x_wconf 85' lang='grc' dir='ltr'><em>πρῶτον,</em></span> <span class='ocrx_word' id='word_1_34' title='bbox 1008 662 1052 738; x_wconf 83' lang='grc' dir='ltr'><em>ὡς</em></span> <span class='ocrx_word' id='word_1_35' title='bbox 1085 664 1141 728; x_wconf 95' lang='grc' dir='ltr'><em>δεῖ</em></span> 
     </span>
     <span class='ocr_line' id='line_1_6' title="bbox 90 764 1137 853; baseline 0.004 -24"><span class='ocrx_word' id='word_1_36' title='bbox 90 765 314 849; x_wconf 71' lang='grc' dir='ltr'><em>ὁθεοσέβειαν</em></span> <span class='ocrx_word' id='word_1_37' title='bbox 333 767 456 832; x_wconf 79' lang='grc' dir='ltr'><em>ἀσκεῖν.</em></span> <span class='ocrx_word' id='word_1_38' title='bbox 493 768 574 851; x_wconf 83' lang='grc' dir='ltr'><em>αὕτη</em></span> <span class='ocrx_word' id='word_1_39' title='bbox 596 764 633 831; x_wconf 74' lang='grc' dir='ltr'><em>δέ</em></span> <span class='ocrx_word' id='word_1_40' title='bbox 652 767 713 831; x_wconf 81' lang='grc' dir='ltr'><em>οὐκ</em></span> <span class='ocrx_word' id='word_1_41' title='bbox 732 766 773 833; x_wconf 87' lang='grc' dir='ltr'><em>ἀν</em></span> <span class='ocrx_word' id='word_1_42' title='bbox 792 767 1023 852; x_wconf 78' lang='grc' dir='ltr'><em>παραγένοιτο,</em></span> <span class='ocrx_word' id='word_1_43' title='bbox 1043 771 1075 833; x_wconf 88' lang='grc' dir='ltr'><em>εί</em></span> <span class='ocrx_word' id='word_1_44' title='bbox 1092 773 1137 853; x_wconf 80' lang='grc' dir='ltr'><em>μη</em></span> 
     </span>
     <span class='ocr_line' id='line_1_7' title="bbox 118 872 1137 961; baseline 0.005 -26"><span class='ocrx_word' id='word_1_45' title='bbox 118 894 167 947; x_wconf 90' lang='grc' dir='ltr'><em>τις</em></span> <span class='ocrx_word' id='word_1_46' title='bbox 190 872 413 955; x_wconf 89' lang='grc' dir='ltr'><em>ἀφομοιώσειε</em></span> <span class='ocrx_word' id='word_1_47' title='bbox 435 881 480 960; x_wconf 76' lang='grc' dir='ltr'><em>τῷ</em></span> <span class='ocrx_word' id='word_1_48' title='bbox 504 872 765 961; x_wconf 73' lang='grc' dir='ltr'><em>θεραπευομένῳ</em></span> <span class='ocrx_word' id='word_1_49' title='bbox 787 874 825 938; x_wconf 88' lang='grc' dir='ltr'><em>τὸ</em></span> <span class='ocrx_word' id='word_1_50' title='bbox 849 880 1051 959; x_wconf 88' lang='grc' dir='ltr'><em>θεραπεῦον,</em></span> <span class='ocrx_word' id='word_1_51' title='bbox 1074 876 1137 959; x_wconf 81' lang='grc' dir='ltr'><em>την</em></span> 
     </span>
     <span class='ocr_line' id='line_1_8' title="bbox 118 962 1136 1066; baseline 0.005 -25"><span class='ocrx_word' id='word_1_52' title='bbox 118 973 155 1041; x_wconf 76' lang='grc' dir='ltr'><em>δὲ</em></span> <span class='ocrx_word' id='word_1_53' title='bbox 170 976 347 1062; x_wconf 85' lang='grc' dir='ltr'><em>ὁμοιότητα</em></span> <span class='ocrx_word' id='word_1_54' title='bbox 366 962 572 1063; x_wconf 86' lang='grc' dir='ltr'><em>ταύτηνούιι</em></span> <span class='ocrx_word' id='word_1_55' title='bbox 589 981 671 1063; x_wconf 90' lang='grc' dir='ltr'><em>ἀλλη</em></span> <span class='ocrx_word' id='word_1_56' title='bbox 690 1003 739 1056; x_wconf 93' lang='grc' dir='ltr'><em>τις</em></span> <span class='ocrx_word' id='word_1_57' title='bbox 753 978 773 1063; x_wconf 74' lang='grc' dir='ltr'>ἢ</span> <span class='ocrx_word' id='word_1_58' title='bbox 789 983 974 1064; x_wconf 81' lang='grc' dir='ltr'><em>φιλοσοφία</em></span> <span class='ocrx_word' id='word_1_59' title='bbox 991 979 1136 1066; x_wconf 83' lang='grc' dir='ltr'><em>παρέχει.</em></span> 
     </span>
     <span class='ocr_line' id='line_1_9' title="bbox 118 1082 1173 1170; baseline -0.002 -23"><span class='ocrx_word' id='word_1_60' title='bbox 118 1082 201 1148; x_wconf 87' lang='grc' dir='ltr'><em>ἀλλά</em></span> <span class='ocrx_word' id='word_1_61' title='bbox 228 1086 295 1168; x_wconf 76' lang='grc' dir='ltr'><em>μὴν</em></span> <span class='ocrx_word' id='word_1_62' title='bbox 322 1083 376 1150; x_wconf 82' lang='grc' dir='ltr'><em>καὶ</em></span> <span class='ocrx_word' id='word_1_63' title='bbox 404 1085 586 1165; x_wconf 78' lang='grc' dir='ltr'><em>ἀψεύδειαν</em></span> <span class='ocrx_word' id='word_1_64' title='bbox 615 1087 669 1151; x_wconf 87' lang='grc' dir='ltr'><em>δεῖ</em></span> <span class='ocrx_word' id='word_1_65' title='bbox 692 1083 767 1170; x_wconf 83' lang='grc' dir='ltr'><em>περὶ</em></span> <span class='ocrx_word' id='word_1_66' title='bbox 795 1091 922 1151; x_wconf 86' lang='grc' dir='ltr'><em>πολλοῦ</em></span> <span class='ocrx_word' id='word_1_67' title='bbox 949 1093 1173 1152; x_wconf 81' lang='grc' dir='ltr'><em>ποιεῖσθαι·ει</em></span> 
     </span>
     <span class='ocr_line' id='line_1_10' title="bbox 115 1190 1135 1279; baseline 0.006 -27"><span class='ocrx_word' id='word_1_68' title='bbox 115 1190 153 1253; x_wconf 89' lang='grc' dir='ltr'><em>τὸ</em></span> <span class='ocrx_word' id='word_1_69' title='bbox 176 1190 240 1275; x_wconf 89' lang='grc' dir='ltr'><em>γάρ</em></span> <span class='ocrx_word' id='word_1_70' title='bbox 264 1191 445 1276; x_wconf 77' lang='grc' dir='ltr'><em>ἀληθεύειν</em></span> <span class='ocrx_word' id='word_1_71' title='bbox 463 1191 619 1279; x_wconf 81' lang='grc' dir='ltr'><em>καὶπρὸς</em></span> <span class='ocrx_word' id='word_1_72' title='bbox 638 1195 741 1269; x_wconf 82' lang='grc' dir='ltr'><em>θεοὺς</em></span> <span class='ocrx_word' id='word_1_73' title='bbox 758 1193 841 1257; x_wconf 84' lang='grc' dir='ltr'><em>ιιατά</em></span> <span class='ocrx_word' id='word_1_74' title='bbox 860 1193 922 1274; x_wconf 81' lang='grc' dir='ltr'><em>τὴν</em></span> <span class='ocrx_word' id='word_1_75' title='bbox 939 1196 1039 1258; x_wconf 84' lang='grc' dir='ltr'><em>θείαν</em></span> <span class='ocrx_word' id='word_1_76' title='bbox 1058 1193 1135 1277; x_wconf 83' lang='grc' dir='ltr'><em>ἀλή-</em></span> 
     </span>
     <span class='ocr_line' id='line_1_11' title="bbox 77 1295 1136 1382; baseline 0.004 -23"><span class='ocrx_word' id='word_1_77' title='bbox 77 1314 102 1352; x_wconf 92' lang='lat'><em>10</em></span> <span class='ocrx_word' id='word_1_78' title='bbox 117 1301 215 1360; x_wconf 90' lang='grc' dir='ltr'><em>θειαν</em></span> <span class='ocrx_word' id='word_1_79' title='bbox 230 1295 285 1361; x_wconf 84' lang='grc' dir='ltr'><em>καὶ</em></span> <span class='ocrx_word' id='word_1_80' title='bbox 304 1299 387 1381; x_wconf 89' lang='grc' dir='ltr'><em>πρὸς</em></span> <span class='ocrx_word' id='word_1_81' title='bbox 406 1297 608 1381; x_wconf 80' lang='grc' dir='ltr'><em>ἀνθρώπους</em></span> <span class='ocrx_word' id='word_1_82' title='bbox 626 1300 708 1363; x_wconf 78' lang='grc' dir='ltr'><em>κατὰ</em></span> <span class='ocrx_word' id='word_1_83' title='bbox 725 1300 787 1381; x_wconf 82' lang='grc' dir='ltr'><em>τὴν</em></span> <span class='ocrx_word' id='word_1_84' title='bbox 807 1297 1028 1382; x_wconf 81' lang='grc' dir='ltr'><em>ἀνθρωπίνην</em></span> <span class='ocrx_word' id='word_1_85' title='bbox 1045 1300 1136 1382; x_wconf 76' lang='grc' dir='ltr'><em>ἡγεῖ-</em></span> 
     </span>
     <span class='ocr_line' id='line_1_12' title="bbox 116 1400 1174 1489; baseline -0.001 -25"><span class='ocrx_word' id='word_1_86' title='bbox 116 1424 170 1464; x_wconf 87' lang='grc' dir='ltr'><em>ται</em></span> <span class='ocrx_word' id='word_1_87' title='bbox 193 1400 273 1485; x_wconf 75' lang='grc' dir='ltr'><em>ἡμῖν</em></span> <span class='ocrx_word' id='word_1_88' title='bbox 296 1404 430 1468; x_wconf 90' lang='grc' dir='ltr'><em>πάντων</em></span> <span class='ocrx_word' id='word_1_89' title='bbox 452 1415 520 1469; x_wconf 84' lang='grc' dir='ltr'><em>τῶν</em></span> <span class='ocrx_word' id='word_1_90' title='bbox 538 1407 645 1469; x_wconf 86' lang='grc' dir='ltr'><em>θείων</em></span> <span class='ocrx_word' id='word_1_91' title='bbox 663 1402 719 1468; x_wconf 82' lang='grc' dir='ltr'><em>καὶ</em></span> <span class='ocrx_word' id='word_1_92' title='bbox 738 1404 965 1489; x_wconf 85' lang='grc' dir='ltr'><em>ἀνθρωπίνων</em></span> <span class='ocrx_word' id='word_1_93' title='bbox 983 1404 1133 1487; x_wconf 83' lang='grc' dir='ltr'><em>ἀγαθῶν.</em></span> <span class='ocrx_word' id='word_1_94' title='bbox 1149 1427 1174 1464; x_wconf 91' lang='lat'><em>11</em></span> 
     </span>
     <span class='ocr_line' id='line_1_13' title="bbox 115 1505 1135 1595; baseline 0.006 -25"><span class='ocrx_word' id='word_1_95' title='bbox 115 1509 269 1590; x_wconf 77' lang='grc' dir='ltr'><em>τοιαύτης</em></span> <span class='ocrx_word' id='word_1_96' title='bbox 289 1505 325 1573; x_wconf 77' lang='grc' dir='ltr'><em>δὲ</em></span> <span class='ocrx_word' id='word_1_97' title='bbox 340 1510 443 1592; x_wconf 86' lang='grc' dir='ltr'><em>ούσης</em></span> <span class='ocrx_word' id='word_1_98' title='bbox 460 1518 518 1594; x_wconf 77' lang='grc' dir='ltr'><em>τῆς</em></span> <span class='ocrx_word' id='word_1_99' title='bbox 534 1509 703 1593; x_wconf 78' lang='grc' dir='ltr'><em>ἀληθείας,</em></span> <span class='ocrx_word' id='word_1_100' title='bbox 727 1512 838 1595; x_wconf 89' lang='grc' dir='ltr'><em>μόνως</em></span> <span class='ocrx_word' id='word_1_101' title='bbox 857 1511 913 1574; x_wconf 90' lang='grc' dir='ltr'><em>διά</em></span> <span class='ocrx_word' id='word_1_102' title='bbox 931 1514 1135 1595; x_wconf 91' lang='grc' dir='ltr'><em>φιλοσοφίας</em></span> 
     </span>
     <span class='ocr_line' id='line_1_14' title="bbox 115 1613 1135 1701; baseline 0.006 -25"><span class='ocrx_word' id='word_1_103' title='bbox 115 1613 196 1696; x_wconf 80' lang='grc' dir='ltr'><em>αὕτη</em></span> <span class='ocrx_word' id='word_1_104' title='bbox 220 1617 471 1701; x_wconf 78' lang='grc' dir='ltr'><em>παραγίγνεται·</em></span> <span class='ocrx_word' id='word_1_105' title='bbox 502 1618 601 1701; x_wconf 90' lang='grc' dir='ltr'><em>μόνοι</em></span> <span class='ocrx_word' id='word_1_106' title='bbox 628 1617 692 1699; x_wconf 87' lang='grc' dir='ltr'><em>γάρ</em></span> <span class='ocrx_word' id='word_1_107' title='bbox 718 1613 966 1699; x_wconf 88' lang='grc' dir='ltr'><em>φιλοθεάμονές</em></span> <span class='ocrx_word' id='word_1_108' title='bbox 989 1619 1053 1682; x_wconf 87' lang='grc' dir='ltr'><em>είσι</em></span> <span class='ocrx_word' id='word_1_109' title='bbox 1076 1627 1135 1701; x_wconf 79' lang='grc' dir='ltr'><em>τῆς</em></span> 
     </span>
     <span class='ocr_line' id='line_1_15' title="bbox 115 1719 1133 1807; baseline 0.006 -24"><span class='ocrx_word' id='word_1_110' title='bbox 115 1719 274 1802; x_wconf 87' lang='grc' dir='ltr'><em>ἀληθείας</em></span> <span class='ocrx_word' id='word_1_111' title='bbox 302 1723 337 1786; x_wconf 86' lang='grc' dir='ltr'><em>οί</em></span> <span class='ocrx_word' id='word_1_112' title='bbox 362 1725 553 1806; x_wconf 89' lang='grc' dir='ltr'><em>φιλόσοφοι.</em></span> <span class='ocrx_word' id='word_1_113' title='bbox 605 1724 652 1787; x_wconf 83' lang='grc' dir='ltr'><em>ἔτι</em></span> <span class='ocrx_word' id='word_1_114' title='bbox 679 1725 798 1787; x_wconf 91' lang='grc' dir='ltr'><em>τοίνυν</em></span> <span class='ocrx_word' id='word_1_115' title='bbox 830 1732 897 1786; x_wconf 82' lang='grc' dir='ltr'><em>τῶν</em></span> <span class='ocrx_word' id='word_1_116' title='bbox 924 1724 1040 1807; x_wconf 89' lang='grc' dir='ltr'><em>νόμων</em></span> <span class='ocrx_word' id='word_1_117' title='bbox 1071 1726 1133 1807; x_wconf 77' lang='grc' dir='ltr'><em>τὴν</em></span> 
     </span>
     <span class='ocr_line' id='line_1_16' title="bbox 75 1825 1133 1916; baseline 0.009 -31"><span class='ocrx_word' id='word_1_118' title='bbox 75 1846 99 1886; x_wconf 90' lang='lat'><em>15</em></span> <span class='ocrx_word' id='word_1_119' title='bbox 115 1826 259 1910; x_wconf 92' lang='grc' dir='ltr'><em>δύναμιν</em></span> <span class='ocrx_word' id='word_1_120' title='bbox 288 1826 427 1894; x_wconf 83' lang='grc' dir='ltr'><em>ἑτιάστου</em></span> <span class='ocrx_word' id='word_1_121' title='bbox 456 1828 655 1894; x_wconf 82' lang='grc' dir='ltr'><em>ἐπίστασθαι</em></span> <span class='ocrx_word' id='word_1_122' title='bbox 683 1830 856 1913; x_wconf 82' lang='grc' dir='ltr'><em>προσήκει,</em></span> <span class='ocrx_word' id='word_1_123' title='bbox 890 1825 946 1892; x_wconf 85' lang='grc' dir='ltr'><em>καὶ</em></span> <span class='ocrx_word' id='word_1_124' title='bbox 976 1829 1021 1904; x_wconf 87' lang='grc' dir='ltr'><em>ώς</em></span> <span class='ocrx_word' id='word_1_125' title='bbox 1053 1853 1133 1916; x_wconf 84' lang='grc' dir='ltr'><em>χρη-</em></span> 
     </span>
     <span class='ocr_line' id='line_1_17' title="bbox 114 1931 1131 2020; baseline 0.005 -25"><span class='ocrx_word' id='word_1_126' title='bbox 114 1931 211 1997; x_wconf 83' lang='grc' dir='ltr'><em>στέον</em></span> <span class='ocrx_word' id='word_1_127' title='bbox 244 1933 358 2010; x_wconf 85' lang='grc' dir='ltr'><em>αὐτοῖς</em></span> <span class='ocrx_word' id='word_1_128' title='bbox 389 1934 472 2000; x_wconf 81' lang='grc' dir='ltr'><em>ἐστι·</em></span> <span class='ocrx_word' id='word_1_129' title='bbox 503 1944 606 1999; x_wconf 89' lang='grc' dir='ltr'><em>ταῦτα</em></span> <span class='ocrx_word' id='word_1_130' title='bbox 640 1931 677 1999; x_wconf 73' lang='grc' dir='ltr'><em>δὲ</em></span> <span class='ocrx_word' id='word_1_131' title='bbox 710 1936 770 2000; x_wconf 86' lang='grc' dir='ltr'><em>οὐκ</em></span> <span class='ocrx_word' id='word_1_132' title='bbox 798 1937 906 1999; x_wconf 82' lang='grc' dir='ltr'><em>ἔνεστι</em></span> <span class='ocrx_word' id='word_1_133' title='bbox 935 1941 1059 2019; x_wconf 87' lang='grc' dir='ltr'><em>μαθεῖν</em></span> <span class='ocrx_word' id='word_1_134' title='bbox 1087 1939 1131 2020; x_wconf 79' lang='grc' dir='ltr'><em>μὴ</em></span> 
     </span>
     <span class='ocr_line' id='line_1_18' title="bbox 113 2038 1133 2125; baseline 0.004 -24"><span class='ocrx_word' id='word_1_135' title='bbox 113 2038 174 2121; x_wconf 82' lang='grc' dir='ltr'><em>την</em></span> <span class='ocrx_word' id='word_1_136' title='bbox 202 2038 322 2124; x_wconf 81' lang='grc' dir='ltr'><em>ἀρετὴν</em></span> <span class='ocrx_word' id='word_1_137' title='bbox 353 2041 496 2122; x_wconf 83' lang='grc' dir='ltr'><em>εἰδότας,</em></span> <span class='ocrx_word' id='word_1_138' title='bbox 529 2041 612 2124; x_wconf 89' lang='grc' dir='ltr'><em>πρὸς</em></span> <span class='ocrx_word' id='word_1_139' title='bbox 642 2040 685 2123; x_wconf 77' lang='grc' dir='ltr'><em>ἣν</em></span> <span class='ocrx_word' id='word_1_140' title='bbox 717 2038 771 2104; x_wconf 81' lang='grc' dir='ltr'><em>καὶ</em></span> <span class='ocrx_word' id='word_1_141' title='bbox 803 2042 866 2125; x_wconf 80' lang='grc' dir='ltr'><em>τὴν</em></span> <span class='ocrx_word' id='word_1_142' title='bbox 899 2041 1044 2124; x_wconf 89' lang='grc' dir='ltr'><em>δύναμιν</em></span> <span class='ocrx_word' id='word_1_143' title='bbox 1076 2039 1133 2105; x_wconf 86' lang='grc' dir='ltr'><em>καὶ</em></span> 
     </span>
     <span class='ocr_line' id='line_1_19' title="bbox 112 2142 1132 2231; baseline 0.004 -25"><span class='ocrx_word' id='word_1_144' title='bbox 112 2143 173 2225; x_wconf 79' lang='grc' dir='ltr'><em>τὴν</em></span> <span class='ocrx_word' id='word_1_145' title='bbox 196 2153 315 2228; x_wconf 75' lang='grc' dir='ltr'><em>χρῆσιν</em></span> <span class='ocrx_word' id='word_1_146' title='bbox 337 2156 405 2209; x_wconf 89' lang='grc' dir='ltr'><em>τών</em></span> <span class='ocrx_word' id='word_1_147' title='bbox 427 2147 541 2227; x_wconf 90' lang='grc' dir='ltr'><em>νόμων</em></span> <span class='ocrx_word' id='word_1_148' title='bbox 570 2143 797 2229; x_wconf 84' lang='grc' dir='ltr'><em>ἀναφέρομεν·</em></span> <span class='ocrx_word' id='word_1_149' title='bbox 826 2145 846 2230; x_wconf 74' lang='grc' dir='ltr'>ἡ</span> <span class='ocrx_word' id='word_1_150' title='bbox 872 2142 909 2210; x_wconf 73' lang='grc' dir='ltr'><em>δὲ</em></span> <span class='ocrx_word' id='word_1_151' title='bbox 932 2155 990 2230; x_wconf 79' lang='grc' dir='ltr'><em>τῆς</em></span> <span class='ocrx_word' id='word_1_152' title='bbox 1012 2146 1132 2231; x_wconf 77' lang='grc' dir='ltr'><em>ἀρετῆς</em></span> 
     </span>
     <span class='ocr_line' id='line_1_20' title="bbox 112 2247 1131 2336; baseline 0.005 -24"><span class='ocrx_word' id='word_1_153' title='bbox 112 2247 320 2331; x_wconf 83' lang='grc' dir='ltr'><em>ἐπιτήδευσις</em></span> <span class='ocrx_word' id='word_1_154' title='bbox 353 2251 408 2314; x_wconf 91' lang='grc' dir='ltr'><em>διά</em></span> <span class='ocrx_word' id='word_1_155' title='bbox 440 2251 644 2334; x_wconf 86' lang='grc' dir='ltr'><em>φιλοσοφίας</em></span> <span class='ocrx_word' id='word_1_156' title='bbox 675 2254 927 2336; x_wconf 84' lang='grc' dir='ltr'><em>παραγίγνεται·</em></span> <span class='ocrx_word' id='word_1_157' title='bbox 960 2253 1043 2316; x_wconf 80' lang='grc' dir='ltr'><em>ὥστε</em></span> <span class='ocrx_word' id='word_1_158' title='bbox 1074 2251 1131 2317; x_wconf 80' lang='grc' dir='ltr'><em>καὶ</em></span> 
     </span>
     <span class='ocr_line' id='line_1_21' title="bbox 72 2355 1131 2442; baseline 0.008 -27"><span class='ocrx_word' id='word_1_159' title='bbox 72 2377 98 2415; x_wconf 80' lang='grc' dir='ltr'><em>ιο</em></span> <span class='ocrx_word' id='word_1_160' title='bbox 111 2356 194 2441; x_wconf 87' lang='grc' dir='ltr'><em>πρὸς</em></span> <span class='ocrx_word' id='word_1_161' title='bbox 216 2357 341 2439; x_wconf 89' lang='grc' dir='ltr'><em>ταύτην</em></span> <span class='ocrx_word' id='word_1_162' title='bbox 359 2355 492 2441; x_wconf 79' lang='grc' dir='ltr'><em>ἡγεμών</em></span> <span class='ocrx_word' id='word_1_163' title='bbox 512 2356 581 2422; x_wconf 84' lang='grc' dir='ltr'><em>ἐστι</em></span> <span class='ocrx_word' id='word_1_164' title='bbox 599 2360 793 2442; x_wconf 91' lang='grc' dir='ltr'><em>φιλοσοφία.</em></span> <span class='ocrx_word' id='word_1_165' title='bbox 841 2359 889 2421; x_wconf 82' lang='grc' dir='ltr'><em>ἔτι</em></span> <span class='ocrx_word' id='word_1_166' title='bbox 906 2361 1024 2423; x_wconf 90' lang='grc' dir='ltr'><em>τοίνυν</em></span> <span class='ocrx_word' id='word_1_167' title='bbox 1047 2358 1131 2424; x_wconf 84' lang='grc' dir='ltr'><em>είδέ-</em></span> 
     </span>
     <span class='ocr_line' id='line_1_22' title="bbox 111 2462 1131 2550; baseline 0.003 -23"><span class='ocrx_word' id='word_1_168' title='bbox 111 2487 167 2527; x_wconf 91' lang='grc' dir='ltr'><em>ναι</em></span> <span class='ocrx_word' id='word_1_169' title='bbox 201 2465 251 2528; x_wconf 93' lang='grc' dir='ltr'><em>δεῖ</em></span> <span class='ocrx_word' id='word_1_170' title='bbox 282 2473 350 2541; x_wconf 85' lang='grc' dir='ltr'><em>πώς</em></span> <span class='ocrx_word' id='word_1_171' title='bbox 384 2465 466 2550; x_wconf 90' lang='grc' dir='ltr'><em>πρὸς</em></span> <span class='ocrx_word' id='word_1_172' title='bbox 498 2463 699 2550; x_wconf 83' lang='grc' dir='ltr'><em>ἀνθρώπους</em></span> <span class='ocrx_word' id='word_1_173' title='bbox 732 2462 923 2547; x_wconf 85' lang='grc' dir='ltr'><em>ὁμιλητέον,</em></span> <span class='ocrx_word' id='word_1_174' title='bbox 960 2473 1058 2529; x_wconf 89' lang='grc' dir='ltr'><em>τοῦτο</em></span> <span class='ocrx_word' id='word_1_175' title='bbox 1093 2463 1131 2530; x_wconf 74' lang='grc' dir='ltr'><em>δὲ</em></span> 
     </span>
     <span class='ocr_line' id='line_1_23' title="bbox 111 2568 1129 2655; baseline 0.004 -23"><span class='ocrx_word' id='word_1_176' title='bbox 111 2568 172 2632; x_wconf 84' lang='grc' dir='ltr'><em>ούιι</em></span> <span class='ocrx_word' id='word_1_177' title='bbox 196 2571 237 2634; x_wconf 87' lang='grc' dir='ltr'><em>ἀν</em></span> <span class='ocrx_word' id='word_1_178' title='bbox 259 2593 310 2645; x_wconf 90' lang='grc' dir='ltr'><em>τις</em></span> <span class='ocrx_word' id='word_1_179' title='bbox 333 2571 486 2652; x_wconf 89' lang='grc' dir='ltr'><em>διαγνοίη</em></span> <span class='ocrx_word' id='word_1_180' title='bbox 515 2571 558 2653; x_wconf 83' lang='grc' dir='ltr'><em>μη</em></span> <span class='ocrx_word' id='word_1_181' title='bbox 588 2571 647 2635; x_wconf 88' lang='grc' dir='ltr'><em>τὸν</em></span> <span class='ocrx_word' id='word_1_182' title='bbox 675 2578 737 2635; x_wconf 86' lang='grc' dir='ltr'><em>τοῦ</em></span> <span class='ocrx_word' id='word_1_183' title='bbox 758 2571 986 2655; x_wconf 79' lang='grc' dir='ltr'><em>προσήκοντος</em></span> <span class='ocrx_word' id='word_1_184' title='bbox 1008 2569 1129 2637; x_wconf 91' lang='grc' dir='ltr'><em>ἀπολο-</em></span> 
     </span>
     <span class='ocr_line' id='line_1_24' title="bbox 110 2673 1130 2761; baseline 0.004 -23"><span class='ocrx_word' id='word_1_185' title='bbox 110 2675 231 2757; x_wconf 87' lang='grc' dir='ltr'><em>γισμὸν</em></span> <span class='ocrx_word' id='word_1_186' title='bbox 263 2673 315 2739; x_wconf 79' lang='grc' dir='ltr'><em>ἐπὶ</em></span> <span class='ocrx_word' id='word_1_187' title='bbox 348 2685 463 2739; x_wconf 88' lang='grc' dir='ltr'><em>πασῶν</em></span> <span class='ocrx_word' id='word_1_188' title='bbox 495 2686 562 2740; x_wconf 85' lang='grc' dir='ltr'><em>τῶν</em></span> <span class='ocrx_word' id='word_1_189' title='bbox 593 2675 745 2761; x_wconf 85' lang='grc' dir='ltr'><em>πράξεων</em></span> <span class='ocrx_word' id='word_1_190' title='bbox 777 2673 1029 2759; x_wconf 81' lang='grc' dir='ltr'><em>έπεσιιεμμένος,</em></span> <span class='ocrx_word' id='word_1_191' title='bbox 1066 2678 1130 2760; x_wconf 76' lang='grc' dir='ltr'><em>τὴν</em></span> 
     </span>
     <span class='ocr_line' id='line_1_25' title="bbox 111 2778 1129 2866; baseline 0.002 -22"><span class='ocrx_word' id='word_1_192' title='bbox 111 2780 207 2859; x_wconf 85' lang='grc' dir='ltr'><em>ἀξίαν</em></span> <span class='ocrx_word' id='word_1_193' title='bbox 233 2805 268 2846; x_wconf 90' lang='grc' dir='ltr'><em>τε</em></span> <span class='ocrx_word' id='word_1_194' title='bbox 296 2778 352 2845; x_wconf 81' lang='grc' dir='ltr'><em>καί</em></span> <span class='ocrx_word' id='word_1_195' title='bbox 375 2780 516 2859; x_wconf 82' lang='grc' dir='ltr'><em>ἀπαξίαν</em></span> <span class='ocrx_word' id='word_1_196' title='bbox 545 2783 642 2858; x_wconf 81' lang='grc' dir='ltr'><em>είδδις</em></span> <span class='ocrx_word' id='word_1_197' title='bbox 665 2781 802 2846; x_wconf 82' lang='grc' dir='ltr'><em>ἑτιάστου</em></span> <span class='ocrx_word' id='word_1_198' title='bbox 833 2793 900 2846; x_wconf 82' lang='grc' dir='ltr'><em>τῶν</em></span> <span class='ocrx_word' id='word_1_199' title='bbox 925 2782 1129 2866; x_wconf 89' lang='grc' dir='ltr'><em>ἀνθρώπων,</em></span> 
     </span>
     <span class='ocr_line' id='line_1_26' title="bbox 70 2886 1129 2973; baseline 0 -21"><span class='ocrx_word' id='word_1_200' title='bbox 70 2906 96 2946; x_wconf 80' lang='lat'><em>25</em></span> <span class='ocrx_word' id='word_1_201' title='bbox 110 2887 165 2953; x_wconf 82' lang='grc' dir='ltr'><em>καὶ</em></span> <span class='ocrx_word' id='word_1_202' title='bbox 188 2888 376 2971; x_wconf 89' lang='grc' dir='ltr'><em>δυνάμενος</em></span> <span class='ocrx_word' id='word_1_203' title='bbox 399 2889 583 2973; x_wconf 84' lang='grc' dir='ltr'><em>διακρίνειν</em></span> <span class='ocrx_word' id='word_1_204' title='bbox 606 2889 646 2953; x_wconf 90' lang='grc' dir='ltr'><em>τά</em></span> <span class='ocrx_word' id='word_1_205' title='bbox 669 2891 737 2972; x_wconf 71' lang='grc' dir='ltr'><em>ἤθη</em></span> <span class='ocrx_word' id='word_1_206' title='bbox 757 2886 811 2953; x_wconf 82' lang='grc' dir='ltr'><em>καὶ</em></span> <span class='ocrx_word' id='word_1_207' title='bbox 835 2890 892 2964; x_wconf 83' lang='grc' dir='ltr'><em>τὰς</em></span> <span class='ocrx_word' id='word_1_208' title='bbox 916 2890 1033 2972; x_wconf 86' lang='grc' dir='ltr'><em>φύσεις</em></span> <span class='ocrx_word' id='word_1_209' title='bbox 1056 2886 1129 2953; x_wconf 86' lang='grc' dir='ltr'><em>ἕαά-</em></span> 
     </span>
     <span class='ocr_line' id='line_1_27' title="bbox 110 2992 1128 3079; baseline 0.001 -20"><span class='ocrx_word' id='word_1_210' title='bbox 110 3011 198 3059; x_wconf 89' lang='grc' dir='ltr'><em>στων</em></span> <span class='ocrx_word' id='word_1_211' title='bbox 216 2992 271 3059; x_wconf 84' lang='grc' dir='ltr'><em>καὶ</em></span> <span class='ocrx_word' id='word_1_212' title='bbox 290 2997 347 3072; x_wconf 89' lang='grc' dir='ltr'><em>τάς</em></span> <span class='ocrx_word' id='word_1_213' title='bbox 365 3003 423 3078; x_wconf 78' lang='grc' dir='ltr'><em>τῆς</em></span> <span class='ocrx_word' id='word_1_214' title='bbox 441 3004 549 3079; x_wconf 80' lang='grc' dir='ltr'><em>ψυχῆς</em></span> <span class='ocrx_word' id='word_1_215' title='bbox 571 2996 728 3079; x_wconf 86' lang='grc' dir='ltr'><em>δυνώμεις</em></span> <span class='ocrx_word' id='word_1_216' title='bbox 746 2993 801 3060; x_wconf 82' lang='grc' dir='ltr'><em>καὶ</em></span> <span class='ocrx_word' id='word_1_217' title='bbox 819 2997 898 3070; x_wconf 87' lang='grc' dir='ltr'><em>τοὺς</em></span> <span class='ocrx_word' id='word_1_218' title='bbox 920 2996 1002 3059; x_wconf 87' lang='grc' dir='ltr'><em>ιιατά</em></span> <span class='ocrx_word' id='word_1_219' title='bbox 1019 2995 1128 3060; x_wconf 89' lang='grc' dir='ltr'><em>πάντα</em></span> 
     </span>
     <span class='ocr_line' id='line_1_28' title="bbox 109 3101 1173 3185; baseline 0.002 -20"><span class='ocrx_word' id='word_1_220' title='bbox 109 3110 211 3166; x_wconf 88' lang='grc' dir='ltr'><em>ταῦτα</em></span> <span class='ocrx_word' id='word_1_221' title='bbox 238 3103 506 3185; x_wconf 82' lang='grc' dir='ltr'><em>συναρμόζοντας</em></span> <span class='ocrx_word' id='word_1_222' title='bbox 533 3103 663 3185; x_wconf 91' lang='grc' dir='ltr'><em>λόγους.</em></span> <span class='ocrx_word' id='word_1_223' title='bbox 714 3101 797 3166; x_wconf 88' lang='grc' dir='ltr'><em>ἀλλά</em></span> <span class='ocrx_word' id='word_1_224' title='bbox 829 3102 895 3185; x_wconf 79' lang='grc' dir='ltr'><em>μὴν</em></span> <span class='ocrx_word' id='word_1_225' title='bbox 927 3103 1055 3166; x_wconf 90' lang='grc' dir='ltr'><em>τούτων</em></span> <span class='ocrx_word' id='word_1_226' title='bbox 1087 3126 1127 3185; x_wconf 88' lang='grc' dir='ltr'><em>γε</em></span> <span class='ocrx_word' id='word_1_227' title='bbox 1141 3121 1173 3159; x_wconf 69' lang='lat'><em>2⁷²</em></span> 
     </span>
     <span class='ocr_line' id='line_1_29' title="bbox 110 3203 1128 3291; baseline 0.001 -20"><span class='ocrx_word' id='word_1_228' title='bbox 110 3203 211 3272; x_wconf 75' lang='grc' dir='ltr'><em>οὐδὲν</em></span> <span class='ocrx_word' id='word_1_229' title='bbox 229 3205 329 3290; x_wconf 83' lang='grc' dir='ltr'><em>χωρὶς</em></span> <span class='ocrx_word' id='word_1_230' title='bbox 347 3209 550 3290; x_wconf 89' lang='grc' dir='ltr'><em>φιλοσοφίας</em></span> <span class='ocrx_word' id='word_1_231' title='bbox 567 3211 818 3291; x_wconf 88' lang='grc' dir='ltr'><em>παραγίγνεται·</em></span> <span class='ocrx_word' id='word_1_232' title='bbox 840 3205 895 3271; x_wconf 81' lang='grc' dir='ltr'><em>καὶ</em></span> <span class='ocrx_word' id='word_1_233' title='bbox 915 3208 1044 3272; x_wconf 91' lang='grc' dir='ltr'><em>τούτων</em></span> <span class='ocrx_word' id='word_1_234' title='bbox 1063 3203 1128 3272; x_wconf 86' lang='grc' dir='ltr'><em>οὖν</em></span> 
     </span>
     <span class='ocr_line' id='line_1_30' title="bbox 110 3310 1127 3398; baseline 0.003 -22"><span class='ocrx_word' id='word_1_235' title='bbox 110 3312 204 3377; x_wconf 81' lang='grc' dir='ltr'><em>ἕνεκα</em></span> <span class='ocrx_word' id='word_1_236' title='bbox 228 3315 387 3397; x_wconf 85' lang='grc' dir='ltr'><em>χρήσιμος</em></span> <span class='ocrx_word' id='word_1_237' title='bbox 410 3311 452 3376; x_wconf 86' lang='grc' dir='ltr'><em>ἀν</em></span> <span class='ocrx_word' id='word_1_238' title='bbox 476 3317 535 3394; x_wconf 80' lang='grc' dir='ltr'><em>εἴη.</em></span> <span class='ocrx_word' id='word_1_239' title='bbox 579 3314 611 3378; x_wconf 88' lang='grc' dir='ltr'><em>εί</em></span> <span class='ocrx_word' id='word_1_240' title='bbox 633 3310 669 3378; x_wconf 73' lang='grc' dir='ltr'><em>δὲ</em></span> <span class='ocrx_word' id='word_1_241' title='bbox 692 3312 747 3378; x_wconf 81' lang='grc' dir='ltr'><em>καὶ</em></span> <span class='ocrx_word' id='word_1_242' title='bbox 770 3316 848 3390; x_wconf 86' lang='grc' dir='ltr'><em>τοὺς</em></span> <span class='ocrx_word' id='word_1_243' title='bbox 866 3314 1047 3398; x_wconf 84' lang='grc' dir='ltr'><em>θηριώδεις</em></span> <span class='ocrx_word' id='word_1_244' title='bbox 1069 3313 1127 3379; x_wconf 92' lang='grc' dir='ltr'><em>ἀν-</em></span> 
     </span>
    </p>
   </div>
   <div class='ocr_carea' id='block_1_3' title="bbox 183 3533 1040 3614">
    <p class='ocr_par' dir='ltr' id='par_1_3' title="bbox 183 3533 1040 3614">
     <span class='ocr_line' id='line_1_31' title="bbox 183 3533 1040 3614; baseline 0.005 -23"><span class='ocrx_word' id='word_1_245' title='bbox 183 3545 201 3590; x_wconf 87' lang='grc'><em>4</em></span> <span class='ocrx_word' id='word_1_246' title='bbox 219 3540 287 3596; x_wconf 72' lang='lat' dir='ltr'><strong><em>fort.</em></strong></span> <span class='ocrx_word' id='word_1_247' title='bbox 308 3533 473 3612; x_wconf 68' lang='grc' dir='ltr'><em>ἀρχώμεθα</em></span> <span class='ocrx_word' id='word_1_248' title='bbox 487 3543 496 3614; x_wconf 68' lang='grc' dir='ltr'><em>λλ</em></span> <span class='ocrx_word' id='word_1_249' title='bbox 511 3546 546 3597; x_wconf 75' lang='lat'><em>22</em></span> <span class='ocrx_word' id='word_1_250' title='bbox 566 3535 758 3612; x_wconf 74' lang='grc' dir='ltr'><em>ἀπολογισμὸν</em></span> <span class='ocrx_word' id='word_1_251' title='bbox 781 3543 816 3596; x_wconf 59' lang='grc' dir='ltr'><em>δυ.</em></span> <span class='ocrx_word' id='word_1_252' title='bbox 835 3536 1040 3610; x_wconf 78' lang='grc' dir='ltr'><em>ἀπολοηηομὸν.</em></span> 
     </span>
    </p>
   </div>
   <div class='ocr_carea' id='block_1_4' title="bbox 0 0 1220 3848">
    <p class='ocr_par' dir='ltr' id='par_1_4' title="bbox 0 0 1220 3848">
     <span class='ocr_line' id='line_1_32' title="bbox 0 0 1220 3848; baseline 0 0"><span class='ocrx_word' id='word_1_253' title='bbox 0 0 1220 3848; x_wconf 95' lang='lat' dir='ltr'><em> </em></span> 
     </span>
    </p>
   </div>
  </div>
 </body>
</html>
