2430 3848
132 182 176 245 32
545 181 735 236 IAMBLIOHI

134 343 223 419 ὅπως
245 342 287 407 ἀν
309 345 350 408 τά
373 341 435 428 μὲν
453 345 559 428 ἥμερα
576 355 644 408 τῶν
665 344 853 428 ἐπιθυμιῶν
873 344 944 425 ελδη
968 341 1074 428 τρέῳη
1094 341 1149 408 καὶ

132 450 327 535 τιθασσεύη,
350 452 391 514 τά
415 447 451 516 δὲ
470 453 568 537 ἀχρια
587 450 766 535 ἀποκωλύῃ
790 450 949 534 φύεσθαι,
974 450 1150 534 σύμμαχον

133 556 356 639 ποιησάμενος
378 557 439 640 τὴν
462 565 522 621 τοῦ
545 563 660 640 θυμοῦ
685 554 868 640 φύσινκαὶ
893 563 989 639 κοινῇ
1012 555 1149 622 πάντων

133 663 330 746 κηδόμενος,
359 664 441 747 ῳίλα
464 662 686 748 ποιησάμενος
715 662 869 745 ἀλλήλοις
891 684 926 725 τε
949 658 1005 725 καὶ
1029 659 1148 750 ἑαυτῷ,
1162 680 1209 720 ωε

106 769 239 847 ιούτως
267 769 350 833 αὐτὰ
377 766 506 852 θρέψει.
550 767 605 834 καὶ
629 769 647 834 ὁ
671 765 732 853 μὲν
754 776 905 844 τοιοῦτος
934 769 1016 832 κατά
1039 769 1148 834 πάντα

134 876 225 939 ἔσται
253 875 400 959 ἀριστος,
435 875 452 940 ὁ
482 872 511 939 δ’
545 873 695 951 ἐναντίος
724 870 825 939 οὐδὲν
852 869 943 956 ὑγιὲς
973 876 1048 958 ἔχει.
1093 872 1149 941 καὶ

133 982 170 1045 τὸ
193 976 255 1063 μὲν
278 980 381 1045 καλὸν
401 981 437 1046 ἐν
456 988 501 1068 τῳ
518 982 660 1068 τοιούτῳ
683 982 895 1065 διαφαίνεται
919 977 997 1064 (ὑπὸ
1019 981 1083 1064 γάρ
1103 990 1147 1069 τῷ

132 1089 217 1174 θείῳ
249 1088 289 1151 τά
320 1088 475 1173 θηριώδη
508 1096 565 1170 τῆς
602 1088 734 1172 φύσεως
765 1086 1009 1172 ὑποτάττεται),
1041 1088 1079 1151 τὸ
1114 1085 1144 1152 δ’

134 1195 272 1279 αἰσχρὸν
296 1192 332 1259 ἐν
355 1201 399 1281 τῳ
425 1193 578 1280 ἐναντίῳ·
602 1193 666 1258 ὑπὸ
691 1195 754 1278 γάρ
773 1199 818 1280 τῷ
841 1192 945 1280 ἀγρίῳ
964 1193 1002 1257 τδ
1021 1193 1147 1280 ἥμερον

94 1321 120 1360 ιο
135 1302 325 1383 δουλοῦται,
348 1298 403 1365 καὶ
426 1301 463 1364 τὸ
488 1299 659 1383 βέλτιστον
678 1299 743 1365 ὑπὸ
766 1307 811 1386 τῷ
831 1299 1072 1386 μοχθηροτάτῳ
1092 1299 1148 1366 καὶ

134 1408 170 1471 τὸ
196 1404 300 1492 ἑαυτῷ
323 1407 499 1471 θειότατον
523 1406 588 1470 ὑπὸ
611 1413 656 1493 τῷ
681 1405 859 1492 ἀθεωτάτῳ
888 1428 923 1469 τε
946 1403 1001 1469 καὶ
1024 1430 1148 1489 μιαρω-

133 1513 219 1598 τάτῳ
252 1513 432 1577 δουλοῦται
464 1509 519 1577 καὶ
551 1510 604 1576 ε’πὶ
634 1519 673 1597 τη
707 1511 810 1576 αὑτοῦ
841 1518 929 1595 ψυχῇ
957 1516 1147 1596 πλημμελεῖ.

134 1615 189 1682 καὶ
216 1618 281 1702 μην
308 1620 347 1683 τό
374 1641 412 1699 χε
440 1617 691 1684 ἀκολασταίνειν
722 1619 777 1682 διά
808 1618 848 1682 τὰ
879 1626 1017 1682 τοιαῦτα
1046 1617 1148 1683 πάλαι
1161 1635 1209 1677 εει

130 1722 283 1807 ψέγεται,
311 1725 362 1789 ότι
385 1725 514 1790 ἀνίεται
542 1725 578 1790 ἐν
604 1733 650 1812 τῷ
676 1725 817 1811 τοιούτῳ
845 1725 882 1789 τδ
906 1723 1148 1807 ἐπιθυμητικὸν
1166 1818 1180 1825 ἢ

95 1851 120 1890 15
136 1833 182 1908 είς
206 1831 401 1918 ἐλευθερίαν
424 1829 508 1915 πέρα
530 1839 591 1896 τοῦ
615 1830 759 1907 δέοντος.
799 1827 854 1894 καὶ
877 1829 898 1914 ἡ
922 1830 1087 1896 αὐθάδεια
1112 1828 1148 1896 δὲ

134 1936 189 2002 καὶ
227 1939 387 2002 δυσκολία
423 1936 573 2020 ψέγεται,
611 1938 691 2002 όταν
729 1937 747 2002 ὁ
783 1937 894 2020 θυμὸς
933 1936 1149 2022 ἀναρμόστως

135 2042 272 2125 αύξηται
294 2041 350 2108 καὶ
373 2046 592 2126 συντείνηται.
633 2045 744 2128 τρυφὴ
767 2040 803 2108 δὲ
827 2040 879 2108 ἐπὶ
901 2051 940 2128 τῇ
963 2052 1024 2109 τοῦ
1044 2044 1149 2110 αὐτοῦ

135 2149 246 2214 ἀνέσει
260 2148 404 2232 ψέγεται,
425 2148 506 2214 όταν
521 2149 557 2214 ἐν
572 2150 660 2237 αὐτῷ
682 2151 811 2215 δειλίαν
830 2149 956 2234 ἐμποιῇ.
993 2153 1149 2216 κολακεία

136 2251 173 2320 δὲ
195 2253 250 2320 καὶ
274 2255 493 2341 ἀνελευθερία
515 2262 722 2342 παρενοχλεῖ,
747 2256 827 2322 ὅταν
845 2279 894 2332 τις
913 2257 949 2320 τὸ
968 2253 1149 2340 θυμοειδὲς

96 2383 122 2422 ω
137 2362 201 2427 ὑπὸ
224 2371 269 2449 τῳ
294 2362 433 2446 ὀχλώδει
456 2365 567 2450 θηρίῳ
591 2371 680 2448 ποιῇ,
705 2361 760 2427 καὶ
784 2361 880 2427 ἕνεκα
898 2363 1075 2448 χρημάτων
1094 2360 1148 2428 καὶ

135 2476 193 2551 της
207 2468 337 2534 ἐκείνου
352 2469 533 2552 ἀπληστίας
551 2471 881 2555 προπηλακιζόμενον
900 2468 993 2554 ἐθίζη
1014 2468 1049 2534 ἐκ
1067 2468 1149 2534 νέου

137 2573 210 2639 ἀντὶ
238 2573 371 2651 λέοντος
399 2579 546 2658 πίθηκον
574 2578 759 2658 γίγνεσθαι.
805 2573 859 2640 καλ
889 2570 991 2641 τάλλα
1020 2571 1057 2640 δὲ
1084 2574 1148 2640 ἀπὸ

135 2681 257 2745 τούτου
281 2681 364 2764 δῆλα
388 2681 431 2757 ὡς
456 2679 525 2746 ἐστὶ
549 2682 654 2764 δεινά,
678 2682 741 2747 όσα
760 2683 797 2747 τὸ
821 2680 994 2765 βέλτιστον
1013 2680 1050 2747 ἐν
1068 2681 1149 2766 ἡμῖν
1164 2698 1209 2740 ωε

136 2781 225 2863 εἶδος
248 2784 389 2864 ἀσθενὲς
413 2787 637 2872 ἀπεργάζεται.
679 2791 789 2872 μόνως
811 2790 928 2853 τοίνυν
952 2787 1150 2872 εὐδαιμονη-

96 2912 122 2952 25
137 2909 239 2978 σομεν
261 2893 326 2959 ὑπὸ
350 2902 410 2959 τοῦ
434 2897 532 2959 θείου
555 2892 609 2959 καὶ
641 2899 810 2980 φρονίμου
834 2893 1019 2978 ἀρχόμενοι.
1061 2893 1149 2958 ούτω

135 3000 199 3084 γάρ
224 3000 270 3076 είς
293 3000 438 3085 δύναμιν
461 3001 581 3078 πάντες
604 3001 714 3084 ὅμοιοι
738 3001 884 3085 ἐσόμεθα
906 2997 961 3066 καὶ
984 3003 1081 3084 ῳίλοι
1103 3007 1149 3088 τῷ

227 3216 268 3264 13
289 3215 322 3264 15
341 3210 389 3263 καλ
408 3206 512 3280 μὴν-
479 3208 641 3272 -δέοντος
660 3209 737 3265 Stob
752 3209 826 3265 Flor
841 3209 1150 3282 V141LMA(1emma

137 3280 178 3344 εἰς
137 3280 249 3353 ε[εἰο
267 3276 381 3336 MdA:
370 3300 385 3335 ο
404 3285 487 3336 rubro
506 3282 539 3352 L]
561 3283 733 3350 φιλοσοῳιαν
752 3279 863 3351 λόγων).

136 3411 349 3419 ——--—-—---

218 3481 253 3527 11
274 3495 381 3530 εαυτου
369 3477 457 3532 ”.·ΡΚ
470 3477 535 3532 fort.
552 3472 745 3547 ἕναῦτῷΙλΙθ
761 3473 906 3531 αδτοῦΚε
923 3471 1148 3545 αύτοῦΙΙΙΒδιά

112 3536 150 3591 τά
169 3549 295 3599 τοιαῦτα
313 3564 369 3603 om
386 3548 532 3606 Stobaeus
547 3551 556 3622 Ιλ
573 3554 606 3604 19
626 3545 972 3620 παρενοχλεῖεοιιρόωᾎι
984 3547 1151 3615 παρενοχλῆ.
