2430 3848
371 169 645 228 PROTREPTICUS
664 173 698 241 (ο.
713 169 798 240 XXI).
1031 170 1095 236 109

76 333 139 416 τήν
168 333 269 398 θείαν
295 333 495 418 θρησκείαν·
526 335 635 399 πάντα
664 335 728 418 γὰρ
756 332 913 419 ἀλλότρια
940 332 1010 400 ἐστι
1040 328 1096 399 καὶ
1201 351 1202 356 ’

77 438 237 518 ἐναντίως
259 441 344 524 πρὸς
366 439 473 523 αύτήν
495 441 571 525 ἔχει.
615 440 653 504 τὸ
677 434 709 505 δ’
736 439 817 504 αύτὸ
844 436 1006 525 καὶπρὸς
1028 439 1098 506 έπι-

10 562 62 607 εκ.
78 548 207 631 στήμην
229 546 356 630 μεγύλα
381 547 618 632 συμβάλλεται·
645 541 747 611 οὐδέν
770 546 833 631 γὰρ
857 546 912 612 δεῖ
930 546 1014 631 πρὸς
1034 547 1098 631 τήν

76 654 179 718 θείαν
201 651 386 736 ἐπιστήμην
408 651 612 738 προσφέρειν
634 661 806 735 τοιοῦτον,
830 643 904 716 οἷόν
926 650 1017 717 ἐστιν
1040 650 1098 717 ἀν-

78 758 254 844 θρώπινον
286 758 453 844 διανόημα
480 757 500 843 ή
529 762 685 843 βιωτικῆς
714 758 896 844 φροντίδος
929 757 1125 842 ἐχόμενοντ

80 861 181 931 οὐδέν
200 860 264 931 οὖν
277 865 359 931 ύίλλο
373 865 630 951 παρακελεύεται
649 863 686 930 έν
703 865 835 942 τούτοις
850 863 871 948 ή
884 866 964 941 τοὺς
977 865 1099 948 λόγους

79 974 159 1049 τοὺς
186 971 296 1056 ἱεροὺς
327 970 383 1037 καὶ
414 974 472 1049 τὰς
503 974 599 1049 θείας
630 969 763 1055 πράξεις
794 970 839 1056 μή
872 971 1098 1056 συμμιγνύναι

79 1086 150 1154 τοῖς
173 1076 402 1164 ἀνθρωπίνοις
425 1077 578 1155 ύστοίτοις
600 1079 709 1162 ήθεσι.

36 1187 60 1264 δ
172 1185 288 1272 Τούτφ
323 1180 360 1251 δέ
392 1186 548 1272 συνφδόυ
579 1184 650 1251 ἐστι
681 1180 736 1248 καὶ
768 1183 806 1247 τὸ
834 1179 908 1267 ἑξῆς
933 1183 971 1248 τὸ
1002 1181 1100 1248 ὁδοῦ

79 1291 278 1377 πύρεργον
312 1290 383 1358 οὐκ
414 1288 588 1357 είσιτέον
620 1283 676 1368 είς
709 1291 819 1376 ἱερὸν
850 1285 944 1355 οὐδέ
980 1305 1100 1374 προσ-
1115 1309 1140 1349 10

80 1395 276 1483 πονητέον
298 1399 546 1483 τοπαράπαν,
571 1394 654 1464 οὐδ’
681 1398 717 1463 εί
737 1398 835 1481 πρὸς
852 1404 938 1474 ταῖς
956 1395 1101 1483 θύραις

82 1503 220 1581 αλιταῖς
247 1504 399 1590 παριὼν
426 1503 571 1588 γένοιο.
616 1504 649 1570 εί
678 1505 742 1589 γὰρ
775 1503 880 1590 ὁμοίῳ
912 1504 949 1568 τὸ
982 1503 1101 1588 ὅμοιον

82 1612 183 1695 φίλον
205 1607 244 1676 τέ
264 1607 411 1676 ἐστικαὶ
434 1614 662 1696 προσήγορον,
688 1611 791 1692 δήλου
815 1609 866 1673 ὅτι
888 1606 944 1675 καὶ
966 1608 1101 1694 ἀρχηγι-

81 1718 234 1802 κωτοίτην
267 1716 386 1783 ούσίαν
418 1715 563 1803 έχύντων
595 1727 663 1782 τῶν
699 1723 791 1782 θεῶν
828 1715 865 1782 έν
898 1725 968 1792 τοῖς
999 1716 1101 1798 ὅλοις,

10 1840 70 1881 ιτΚ
83 1820 342 1908 προηγουμένην
365 1823 476 1889 αὐτῶν
500 1825 553 1890 δεῖ
572 1829 744 1888 ποιεῖσθαι
767 1822 828 1906 τήν
850 1823 1048 1907 θεραπείαν·
1073 1823 1104 1887 εί
1116 1839 1142 1880 15

84 1927 115 1995 δ’
138 1930 243 1996 ἄλλου
264 1953 316 2007 τις
337 1928 435 1996 ἕνεκα
457 1929 563 2014 αὐτήν
586 1940 726 2013 ποιοῖτο,
750 1930 909 2015 δεύτερον
929 1928 1015 1995 οὕτω
1039 1930 1101 2012 θή·

84 2054 175 2103 σεται
207 2038 244 2102 τὸ
274 2037 409 2102 πάντων
441 2037 697 2122 προηγούμενον
723 2032 779 2102 καὶ
809 2031 1008 2120 ἀναστρέψει
1039 2034 1102 2118 τήν

84 2143 168 2227 ὅλην
195 2144 288 2224 τύξιν
315 2152 373 2227 τῆς
396 2143 475 2226 ὅλης
496 2145 678 2228 θεραπείας
704 2166 740 2209 τε
767 2140 824 2210 καί
845 2143 1009 2226 γνώσεως.
1055 2143 1103 2206 ἔτι

84 2251 149 2334 γὰρ
176 2250 217 2315 τδι
243 2251 335 2335 τίμια
363 2248 476 2333 ἀγαθὰ
504 2249 545 2315 ού
568 2251 622 2315 δεῖ
641 2261 708 2316 τῶν
737 2249 964 2334 ἀνθρωπίνων
989 2250 1103 2334 χρησί-

85 2379 158 2440 μων
186 2354 224 2421 ἐν
250 2353 373 2444 ὑστέρη
400 2356 501 2444 μοίρᾳ
528 2358 701 2438 τίθεσθαι,
729 2352 809 2420 οὐδὲ
836 2353 874 2420 έν
901 2354 1017 2431 τέλους
1042 2350 1104 2437 μέν
1118 2370 1144 2412 ιο

84 2460 175 2540 τοίξει
201 2463 241 2527 τὰ
267 2460 423 2548 ἡμέτερα,
457 2461 494 2528 έν
521 2464 717 2547 προσθήκης
745 2458 783 2526 δὲ
809 2459 901 2546 μέρει
932 2461 973 2524 τὰ
999 2462 1104 2544 κρείτ·

85 2591 169 2634 τονα
192 2567 269 2634 ούτε
292 2570 372 2654 ἔργα
396 2569 473 2634 ούτε
497 2571 711 2653 διανοήματα.

10 2689 71 2732 m·
170 2669 218 2738 Ἡ
245 2670 277 2741 δ’
308 2674 360 2741 ἐπὶ
387 2677 426 2741 τὸ
455 2675 536 2743 αὐτὸ
563 2677 734 2761 προτροπή
762 2672 817 2741 καὶ
844 2675 908 2741 dab
940 2683 1001 2741 τοῦ
1032 2672 1106 2759 ἑξής

44 2783 67 2855 γ’
86 2779 219 2866 γένοιτο
252 2782 309 2847 ίίν·
341 2784 378 2848 τὸ
410 2783 474 2867 γὰρ
507 2781 755 2865 ἀνυπόδητος
786 2787 859 2847 θῦε
891 2779 955 2846 καὶ
986 2798 1106 2865 προσ-

86 2889 201 2953 κύνει
228 2888 265 2953 ἓν
293 2885 355 2972 μὲν
382 2890 537 2972 σημαίνει
559 2889 597 2953 τὸ
622 2889 694 2954 δεῖν
716 2889 861 2971 κοσμίως
887 2883 944 2952 καί
966 2889 1106 2971 μετρίως
1120 2902 1145 2943 2⁵

86 2992 144 3060 καὶ
166 2994 211 3079 μή
236 2992 457 3080 ὑπερέχοντας
479 3002 537 3076 τῆς
560 2992 598 3059 ἐν
620 3001 659 3078 τῇ
685 3002 727 3079 γή
750 2991 871 3071 τάξεως
896 2994 976 3069 τοὺς
1003 2996 1107 3071 θεοὺς

86 3100 293 3181 θεραπεύειν
324 3098 379 3164 καὶ
411 3099 473 3183 τήν
504 3095 587 3184 ὑπὲρ
620 3099 731 3165 αὐτῶν
766 3108 893 3182 γνῶσιν
924 3105 1106 3183 ποιεῖσθαι,

88 3205 205 3291 ἕτερον
233 3203 270 3270 δέ
297 3207 335 3271 τὸ
364 3207 435 3271 δεῖν
469 3207 601 3290 δεσμῶν
632 3204 734 3292 χωρὶς
764 3204 820 3272 καὶ
852 3207 993 3272 εύλυτον
1026 3208 1106 3272 ὄντα

10 3328 37 3368 ιιι
45 3328 73 3370 x.
87 3313 151 3395 τήν
168 3313 355 3396 θεραπείαν
373 3309 427 3376 καὶ
445 3322 573 3394 γνῶσιν
590 3321 659 3377 τῶν
677 3317 768 3376 θεῶν
786 3319 965 3378 ποιεῖσθαι.
1003 3321 1107 3378 ταῦτα

90 3415 128 3484 δέ
157 3417 220 3485 ούκ
247 3415 300 3483 ἐπὶ
327 3427 388 3483 τοῦ
414 3418 565 3503 σώματος
592 3420 698 3502 μόνου
722 3419 943 3504 παραγγέλλει
963 3421 1004 3483 το
1027 3420 1157 3496 σύμ-οε

178 3562 214 3610 17
230 3553 386 3629 ἄνατρέηίει
405 3559 465 3616 AK.
