2430 3848
469 766 815 852 PRAEFATIO.

200 1048 375 1115 Iamblichi
407 1048 648 1132 Protrepticum
686 1050 743 1133 qui
762 1053 855 1118 ,ante
892 1058 958 1115 me‘
981 1050 1153 1116 ediderunt

135 1152 299 1221 Iohannes
326 1154 480 1220 Arcesius
509 1155 730 1221 Theodoretus
760 1152 1152 1242 (Franckeraca.1598)

136 1264 170 1325 et
195 1260 395 1346 Theophilus
425 1261 592 1347 Kicssling
620 1259 762 1350 (Lipsiae
792 1285 819 1328 c.
850 1261 951 1347 1813)
985 1263 1151 1329 codicibus

135 1367 187 1433 usi
210 1370 287 1433 sunt
309 1367 433 1431 mendis
456 1368 654 1453 turpissimis
679 1370 892 1454 scatentibus,
921 1392 1058 1454 quorum
1082 1369 1149 1434 cxi-

29 1470 33 1503 ἱ
92 1507 96 1515 ·
136 1494 235 1559 guam
267 1473 439 1538 admodum
473 1478 600 1558 partem
632 1476 766 1540 sustulit
798 1475 959 1541 editorum
993 1474 1152 1541 sollertia.

136 1579 186 1645 Ac
214 1577 343 1645 ‘bonus'
372 1578 504 1663 quidem
528 1579 681 1645 Arccrius
708 1580 756 1645 ita
782 1581 969 1664 frequenter
998 1584 1031 1645 et
1055 1579 1151 1645 vehe-

137 1689 264 1751 menter
282 1685 484 1769 vituperatus
504 1690 555 1751 est
574 1686 615 1751 ab
635 1686 738 1751 doctis
757 1686 954 1770 hominibus,
976 1688 1013 1750 ut
1030 1685 1154 1770 pudeat

135 1812 221 1857 nunc
253 1789 427 1856 maledicta
459 1790 640 1856 maledictis
672 1790 787 1856 addere
796 1788 830 1877 ¹).
874 1788 1054 1875 Aliquanto
1087 1813 1153 1855 me-

44 1928 52 1991 3
137 1896 199 1963 lior
220 1900 271 1962 est
288 1897 483 1983 Kiesslingii
507 1896 616 1981 editio,
640 1898 695 1981 qui
718 1898 876 1962 nonnulla
900 1903 933 1962 et
955 1897 1024 1982 ipse
1044 1919 1083 1961 cx
1101 1896 1152 1961 in-

40 2010 55 2065 't
138 2002 234 2087 genio
260 2000 487 2089 emendavit2),
511 2002 640 2088 saepius
659 2011 767 2067 autem
785 2024 872 2068 nova
890 2003 1010 2067 damna
1028 2002 1153 2088 intulit,

137 2128 210 2175 cum
237 2109 327 2174 locos
354 2130 423 2174 non
448 2130 569 2192 paucos
597 2108 650 2173 vel
679 2109 850 2173 sanissime
875 2109 1015 2175 traditos
1040 2107 1151 2173 ‘corri-

56 2284 59 2295 ,
138 2213 250 2301 geret',
267 2214 367 2279 idest
382 2214 569 2279 foedissimo
584 2218 811 2299 corrumperet.
839 2214 1000 2296 Exempla
1014 2214 1154 2299 colligat

56 2326 66 2439 p
139 2321 243 2405 quivis
263 2342 302 2385 ex
320 2321 435 2405 quavis
454 2320 521 2385 fere
535 2321 670 2406 pagina:
691 2319 835 2384 adferam
848 2319 1015 2384 nonnulla.
1046 2317 1082 2385 P.
1098 2319 1153 2403 60,

61 2443 69 2531 'i
139 2426 178 2493 21
208 2427 382 2513 distinguit
409 2428 558 2512 θεωρίας
587 2426 793 2511 ἀμηχάνους,
822 2426 859 2490 τὸ
892 2424 1015 2501 κάλλος
1044 2421 1154 2490 (tesol-¹

68 2636 74 2659 a
98 2620 106 2677 ς
209 2606 237 2672 1)
256 2601 333 2668 Quae
355 2600 392 2655 ab
411 2601 526 2655 Aroerio
546 2600 665 2654 dicenda
683 2602 764 2654 erant
782 2599 853 2653 dixit
871 2598 1016 2654 Nauckius
1035 2599 1066 2653 in
1083 2600 1152 2655 Pro·

67 2664 119 2797 ρ,
139 2686 239 2760 rogam.
264 2690 300 2745 aa
317 2688 376 2744 vsa.
395 2689 479 2758 Pyth.
498 2708 526 2759 p.
541 2688 566 2742 v
580 2688 645 2743 aun.
681 2687 779 2756 utque
803 2687 905 2741 casana
927 2687 957 2740 n
975 2686 1153 2756 Protreptico

74 2798 84 2813 ν
101 2782 113 2849 ,⁶3
140 2774 246 2833 Arcerii
263 2776 473 2833 emendationes
492 2775 522 2832 et
539 2776 724 2832 correctiones
745 2791 816 2844 quae
831 2775 954 2842 iniquius
974 2792 1035 2830 esse
1050 2774 1152 2831 cobati

72 2842 82 2899 l
102 2850 118 2881 l
141 2860 274 2922 iudicium
291 2867 438 2922 testentur.

66 2938 84 3043 l·
105 2948 117 3013 ἶ
208 2957 237 3025 2)
255 2953 405 3011 Invenerat
422 2972 449 3024 p.
465 2959 521 3023 9,'l
545 2953 582 3026 τῷ
607 2949 714 3023 σώματι
737 2952 783 3007 vel
805 2952 843 3024 τῷ
871 2948 982 3021 σώματι
1004 2948 1036 3006 τὸ
1060 2952 1150 3022 σῶμα,

70 3054 81 3143 p
103 3066 116 3117 u
143 3046 173 3099 lt
190 3064 235 3113 το,
254 3048 327 3111 1o,1
347 3038 517 3112 durcaptum,
542 3047 584 3109 18,
598 3047 632 3096 21
652 3036 742 3103 οὕτως
759 3040 806 3095 vel
824 3035 919 3107 ὄντος,
938 3046 1031 3107 29,10
1049 3045 1152 3108 ταῦτα,

141 3238 183 3289 qe,
204 3216 370 3290 προτρέπει,
394 3214 496 3287 ὅντως,
516 3214 633 3287 ταύτης,
653 3217 797 3285 τοιαῦται,
817 3215 972 3270 dcccdccc
992 3217 1059 3285 etc,
1078 3232 1153 3284 quae

133 3290 209 3365 suune
233 3307 328 3363 omnia
350 3309 383 3362 ut
404 3306 593 3377 Kiesslingius
617 3306 776 3361 correxerat
798 3302 904 3358 obtulit
927 3303 1016 3359 codex
1034 3303 1150 3359 Floren-

75 3118 125 3209 ahl*
142 3134 182 3203 u,
195 3138 232 3191 24
249 3133 378 3202 τοιαῦτα,
396 3137 441 3199 49,
456 3135 489 3184 12
511 3129 597 3186 ἕνεκα
614 3124 716 3184 τούτου
737 3130 804 3193 eto.;
823 3129 945 3184 coniecit
963 3128 1001 3200 τῷ
1016 3125 1048 3181 τὸ
1062 3132 1153 3198 σῶμα,

78 3150 220 3472 qm
256 3396 408 3453 Parauaea
425 3395 461 3454 cf.
480 3395 582 3451 Adnot.
604 3393 671 3449 crit.

973 3478 1011 3532 ‹ae
