2430 3848
141 184 186 248 44
260 142 264 149 ’
553 183 743 238 ιιιιοιιοοι

141 355 255 412 τοῦτο·
284 338 358 411 οἷον
381 348 413 410 εί
433 347 589 431 τυγχάνει
611 369 661 422 τις
684 345 883 429 αἱρούμενος
905 346 943 410 τὸ
966 357 1183 430 περιπατεῖν·

142 453 193 517 ὅτι
220 453 385 537 ὑγιεινόν,
419 459 469 535 εῖη
499 449 535 518 δὲ
567 457 695 536 μᾶλλον
723 450 811 538 αὐτῷ
839 450 990 534 ὑγιεινὸν
1018 453 1056 517 τὸ
1083 475 1160 537 τρο-

142 559 252 644 χάζειν
279 558 334 624 καὶ
363 561 510 625 δυνατὸν
536 556 802 644 παραγενέσθαι,
832 562 961 642 μᾶλλον
989 559 1160 643 αἱρήσεται

142 674 241 731 τοῦτο
278 665 340 730 κάν
377 665 485 732 ἕλοιτο
517 668 621 751 γνοὺς
656 672 792 731 θᾶττον.
848 666 879 731 εί
913 668 1031 731 τοίνυν
1068 664 1160 732 ἐστὶν

115 771 273 856 ῖάληθής
296 771 377 850 δόξα
400 774 564 857 φρονήσει
588 773 717 856 ὅμοιον,
742 769 840 856 είπερ
853 772 986 855 αίρετὸν
1005 772 1042 836 τὸ
1063 771 1160 850 δοξά-
1173 789 1207 828 4ο

145 883 211 957 ζειν
225 879 360 961 ἀληθῶς
378 880 502 963 ταύτην
517 877 669 944 καὶκατὰ
687 887 852 944 τοσοῦτον
869 881 1022 944 καθόσον
1041 878 1160 963 ὅμοιον

143 994 182 1069 τή
207 986 371 1069 φρονήσει
395 986 451 1050 διά
473 986 535 1068 τήν
559 985 739 1068 ἀλήθειαν,
771 986 803 1048 εί
829 988 956 1067 μᾶλλον
983 992 1083 1049 τοῦτο
1114 992 1160 1072 τῷ

144 1101 285 1176 φρονεῖν
314 1091 469 1177 ὑπάρχει,
502 1097 629 1176 μᾶλλον
662 1091 796 1175 αίρετὸν
826 1091 864 1155 τὸ
898 1102 1039 1175 φρονεῖν
1069 1093 1162 1157 ἔσται

144 1207 205 1263 τοῦ
228 1197 377 1276 δοξάζειν
400 1199 543 1283 ἀληθῶς.
585 1197 668 1263 ἀλλά
686 1198 753 1282 μήν
772 1199 810 1261 τό
833 1220 870 1280 γε
895 1201 952 1280 ζήν
971 1205 1015 1284 τῷ
1040 1198 1161 1262 αἰσθά-

105 1321 131 1360 10
144 1311 266 1370 νεσθαι
291 1306 494 1389 διακρίνεται
518 1314 579 1370 τοῦ
602 1305 646 1388 μή
672 1308 744 1388 ζήν,
771 1301 828 1369 καὶ,
850 1304 971 1387 ταύτης
993 1306 1167 1390 παρουσίᾳ·

144 1407 200 1474 καὶ,
228 1412 369 1494 δυνάμει
400 1413 437 1475 τὸ
472 1415 528 1495 ζήν
557 1411 746 1494 διώρισται,
776 1407 832 1475 καὶ
863 1411 985 1494 ταύτης
1011 1408 1162 1497 ἐξαιρου-

145 1515 246 1600 μένης
270 1517 331 1582 ούκ
359 1519 450 1581 ἔστιν
478 1517 572 1596 ἀξιον
601 1520 659 1600 ζήν
683 1517 793 1601 ὥσπερ
824 1515 1073 1601 ἀναιρουμένου
1100 1527 1161 1583 τοῦ

147 1627 203 1707 ζήν
227 1623 331 1688 αὐτοῦ
355 1625 410 1688 διά
433 1624 494 1707 τήν
514 1629 683 1708 αἴσθησιν.
724 1632 782 1707 τῆς
802 1618 838 1688 δὲ
858 1624 1047 1706 αἰσθήσεως
1065 1624 1085 1708 ή
1104 1614 1163 1709 τής

146 1731 254 1808 όήεως
277 1729 431 1816 διαφέρει
455 1731 596 1816 δύναμις
618 1738 663 1818 τῷ
688 1730 876 1813 σαφεστάτη
900 1724 999 1813 εἶναι,
1024 1728 1081 1795 καὶ
1104 1732 1161 1796 διὰ

105 1852 131 1893 15
145 1845 243 1903 τοῦτο
280 1835 336 1903 καὶ
372 1838 513 1923 μάλιστα
550 1837 737 1921 αίροόμεθα
774 1836 893 1919 αὐτήν·
929 1841 1088 1920 αῖσθησις
1126 1833 1164 1902 δὲ

144 1953 234 2009 πᾶσα
258 1945 400 2028 δύναμίς
423 1944 492 2008 ἐστι
514 1942 715 2028 γνωριστική
741 1944 796 2007 διά
819 1943 980 2026 σώματος,
1004 1943 1115 2029 ὥσπερ
1138 1943 1207 2027 ήὶῖ(

146 2050 228 2133 ἀκοή
256 2058 317 2115 τοῦ
344 2052 460 2133 ψόφου
484 2050 681 2114 αἰσθάνεται
711 2051 767 2114 διδι
794 2059 862 2114 τῶν
885 2050 989 2113 ὤτων.
1036 2049 1164 2115 οὐκοῦν

146 2158 178 2220 εί
203 2157 241 2221 τὸ
271 2159 327 2239 ζήν
355 2154 417 2240 μέν
445 2155 536 2221 ἐστιν
565 2157 697 2240 αἱρετὸν
726 2157 782 2220 διὰ
809 2156 870 2239 τήν
899 2161 1061 2237 αἴσθησιν
1083 2155 1104 2239 ή
1130 2150 1161 2220 δ’

148 2266 305 2344 αἴσθησις
328 2264 452 2344 γνῶσίς
474 2285 539 2345 τις,
566 2260 622 2326 καὶ
651 2263 707 2327 διὰ
733 2262 770 2327 τὸ
798 2263 972 2347 γνωρίζειν
997 2261 1080 2346 αὐτῇ
1106 2263 1165 2327 δύ-

106 2383 132 2422 20
147 2374 273 2434 νασθαι
301 2369 362 2451 τήν
385 2369 497 2454 ψυχήν
521 2370 724 2454 αἱρούμεθα,
752 2368 853 2433 πάλαι
876 2364 914 2432 δὲ
938 2373 1074 2452 εἴπομεν
1098 2370 1165 2434 ότι-

145 2497 207 2560 περ
245 2476 343 2539 δυοῖν
380 2472 430 2539 ἀεὶ
468 2481 594 2559 μᾶλλον
631 2475 764 2560 αίρετὸν
803 2465 829 2562 ᾦ
864 2480 992 2558 μᾶλλον
1023 2474 1166 2562 ὑπάρχει

146 2573 280 2664 ταύτόν,
304 2592 371 2645 τῶν
394 2578 456 2665 μὲν
480 2583 672 2663 αἰσθήσεων
689 2583 751 2664 τήν
774 2582 854 2659 ότγιν
873 2580 998 2664 ἀνάγκη
1022 2581 1165 2665 μάλιστα

148 2687 283 2770 αίρετήν
307 2681 394 2752 εἶναι
421 2685 475 2751 καὶ
503 2689 631 2772 τιμίαν,
661 2688 782 2769 ταύτης
809 2683 847 2752 δὲ
874 2685 930 2752 καὶ,
956 2697 1023 2752 τῶν
1052 2688 1165 2753 ἀλλων

148 2793 285 2858 ἁπασῶν
309 2791 507 2880 αίρετωτόρα
530 2790 584 2858 καί
608 2802 669 2858 τοῦ
694 2797 750 2877 ζήν
774 2793 864 2859 ἐστιν
883 2794 903 2877 ή
923 2794 1089 2876 φρόνησις
1107 2818 1166 2860 κυ-

107 2914 133 2954 25
148 2897 288 2983 ριωτέρα
327 2907 384 2981 τής
421 2897 593 2981 ἀληθείας·
637 2899 720 2963 ὥστε
757 2899 877 2976 πάντες
913 2899 1091 2984 ἄνθρωποι
1126 2901 1165 2965 τδ

149 3014 290 3091 φρονεῖν
314 3006 454 3089 μάλιστα
478 3004 646 3069 διώκουσι.
687 3006 724 3070 τὸ
748 3007 812 3091 γάρ
837 3010 894 3088 ζήν
913 3005 1106 3089 ἀγαπῶντες
1127 3007 1165 3071 τδ

149 3122 291 3196 φρονεῖν
322 3109 378 3175 καὶ
409 3112 447 3176 τδ
478 3114 653 3196 γνωρίζειν
685 3112 849 3194 ἀγαπῶσι·
883 3110 928 3176 δι’
965 3109 1067 3177 οὐδὲν
1100 3115 1203 3198 γάρ49

149 3218 264 3305 ἕτερον
288 3217 369 3282 αὐτὸ
392 3227 532 3302 τιμῶσιν
555 3216 576 3301 ή
601 3219 657 3283 διὰ
679 3219 741 3302 τήν
761 3224 921 3303 αίσθησιν
943 3219 999 3284 καὶ
1022 3220 1166 3305 μάλιστα

238 3418 254 3466 6
274 3411 371 3466 ‘immo
390 3409 489 3482 ταύτη’
506 3411 605 3467 Vitelli
618 3414 629 3482 ΙΙ
643 3416 676 3466 10
694 3408 811 3483 ταύτης]
832 3412 923 3480 ‘quasi
940 3429 992 3482 pro
1008 3411 1047 3500 τηῖ
1062 3408 1167 3466 αἰσθά-

134 3485 244 3534 νεσθαι
268 3483 406 3572 scriptum
430 3483 519 3539 fuerit
536 3486 584 3574 (ιχ
593 3484 622 3554 9)
641 3481 838 3567 τήαίοθήοεά
860 3484 884 3537 Κ
904 3486 916 3553 (l
937 3490 972 3538 20
994 3487 1085 3538 παλαι
1105 3482 1166 3540 scil.

112 3563 148 3610 P·
168 3555 212 3616 43,
230 3555 295 3621 »wa
306 3574 413 3627 οτιπερ
432 3575 540 3630 ιιιοτςα
562 3575 659 3628 ωσπερ
677 3574 710 3611 ιιι
725 3556 818 3610 hem.
