2430 3848
107 179 150 242 36
319 129 323 135 ·
519 176 710 231 IAMBLIOHI

106 351 173 405 τῶν
197 341 307 405 άλλων
327 337 365 416 δς
387 341 506 424 ἔχομεν
525 339 679 423 ἐπιτυχὴς
701 335 902 422 δυνάμεων),
927 340 1069 422 ἔμπαλιν
1090 335 1128 403 δὲ

107 444 162 511 καὶ
185 447 242 523 τὰς
265 444 398 532 πράξεις
421 444 476 510 καὶ
495 446 602 510 πάντα
626 447 666 509 τά
685 446 769 510 άλλα
787 446 870 530 πρὸς
888 453 973 510 νοῦν
992 441 1127 510 καὶτὸν

108 553 193 618 θεὸν
217 551 429 636 συντακτίον,
452 549 507 617 καὶ
532 552 595 618 άπὸ
619 551 741 629 τούτου
764 548 818 617 καὶ
841 562 908 616 τῶν
926 552 1008 616 κατὰ
1027 550 1129 638 μέρος

109 662 329 744 καθηκόντων
355 660 392 725 τὸ
422 659 617 742 εὐλόγιστον
646 656 900 744 άναμετρητέον.
952 659 1065 724 δικαία
1093 680 1127 723 τε

82 768 172 852 ῖγάρ
199 762 352 835 καὶκαό
380 764 475 843 άξίαν
503 765 523 849 ἡ
552 768 660 850 κρίσις
686 763 741 830 καὶ
769 767 854 849 μόνη
883 775 999 830 πασῶν
1031 765 1127 848 ίκανῆ

108 875 170 957 τὴν
194 872 361 956 άληθινῆυ
390 871 583 957 ἀνθρώποις
610 871 829 956 εὐδαιμονίαν
857 871 1128 960 παρασκευάζειν.
1142 888 1174 928 10(

111 970 137 1067 ᾧ
157 979 220 1063 γάρ
239 988 306 1042 τῶν
321 978 433 1042 ἄλλων
448 975 651 1062 διαφέρομεν
671 972 774 1065 ζῴων,
794 976 830 1042 όν
849 979 941 1066 μόνω
961 979 1002 1062 δη
1020 978 1129 1066 τούτῳ

109 1093 155 1174 τῷ
180 1087 243 1172 βίω
268 1084 455 1168 διαλάμπει,
480 1072 506 1172 ηδ
531 1083 593 1149 οὐκ
615 1079 658 1166 ῆν
676 1107 708 1148 τι
726 1086 829 1168 τυχὸν
846 1081 902 1148 καὶ
922 1083 962 1148 οὐ
982 1084 1130 1168 μεγάλην

111 1194 188 1276 ἔχον
212 1190 316 1270 ἀξίαν.
354 1194 457 1274 λόγου
478 1187 540 1274 μὲν
558 1191 622 1276 γάρ
640 1188 697 1255 καὶ
721 1192 917 1276 φρονήσεως
935 1190 1036 1276 μικρά
1054 1214 1131 1257 τινα

71 1317 97 1357 ιο
110 1295 165 1362 καί
185 1297 221 1362 ἐν
236 1297 375 1374 ἐκείνοις
390 1297 592 1381 αίθύγματα,
611 1299 733 1382 σοφίας
752 1294 789 1362 δὲ
803 1303 1010 1383 θεωρητικῆς
1024 1306 1130 1362 ταῦτα

111 1401 172 1490 μὲν
204 1409 372 1481 παντελῶς
404 1405 541 1488 άμοιρα,
574 1405 691 1487 μόνοις
721 1400 757 1469 δὲ
785 1402 915 1488 μέτεστι
944 1410 1052 1480 θεοῖς·
1086 1404 1132 1481 ῶς

112 1513 292 1594 αίσθῆσεσί
311 1535 349 1594 γε
372 1507 427 1575 καὶ
451 1510 569 1595 ὁρμαῖς
591 1515 725 1576 πολλῶν
752 1513 817 1596 ῆδη
842 1508 935 1598 ζῴων
957 1519 1015 1594 τῆς
1038 1509 1131 1596 άκρι-

113 1619 205 1699 βείας
231 1614 287 1681 καὶ
314 1614 375 1700 τῆς
401 1617 515 1701 ίσχόος
542 1619 688 1682 λείπεται
716 1618 911 1702 ἅνθρωπος,
941 1615 997 1682 καὶ
1024 1619 1132 1701 μόνον

112 1733 212 1789 τοῦτο
237 1725 342 1800 ’όντως
361 1722 492 1807 ἀγαθὸν
511 1722 747 1808 ἀναφαίρετον,
772 1721 790 1787 δ
810 1723 851 1805 δη
870 1721 1035 1808 περιέχειν
1053 1739 1132 1805 συγ-

74 1848 99 1888 15
113 1838 261 1914 χωροῦσι
283 1830 344 1913 την
370 1838 431 1894 τοῦ
455 1828 588 1912 ἀγαθοῦ
616 1831 766 1910 ἔννοιαν,
795 1828 950 1913 οὐδαμῶς
977 1825 1038 1913 μὲν
1061 1840 1133 1906 τοῖς
1146 1845 1172 1887 38

112 1946 269 2020 τυχηροῖς
296 1936 538 2012 ὑποτάττοντος
566 1933 686 2000 ἑαυτὸν
713 1937 795 2000 κατὰ
822 1943 943 2001 τοῦτον
971 1936 1031 2000 τὸν
1055 1937 1133 2019 βίον

114 2051 175 2107 τοῦ
199 2043 402 2125 σπουδαίου,
432 2041 496 2106 ἀπὸ
524 2038 560 2106 δὲ
583 2052 651 2106 τῶν
674 2042 875 2128 ὑποχειρίων
902 2050 943 2128 τῆ
965 2043 1048 2128 τύχη
1072 2043 1134 2125 μά-

114 2153 210 2213 λιστα
234 2147 274 2230 δη
299 2145 434 2211 πάντων
458 2145 577 2212 ἑαυτὸν
600 2147 899 2233 ἐλευθερώσαντος.
947 2149 999 2213 διὸ
1019 2145 1132 2213 καὶτὸ

114 2260 257 2340 θαρρεῖν
287 2251 320 2330 ἐξ
348 2252 428 2335 όλης
455 2261 512 2336 τῆς
539 2253 673 2337 γνώμης
706 2253 742 2318 ἐν
774 2255 880 2343 τούτῳ
915 2255 1134 2343 διατελοῦντα

76 2380 103 2421 ιο
117 2364 224 2426 ἔνεστι
247 2366 292 2448 τῷ
316 2361 388 2447 βίω.
433 2362 526 2436 τίνος
547 2360 611 2446 γὰρ
634 2362 685 2437 τίς
703 2360 807 2425 αὐτὸν
828 2360 1049 2446 άφαιρῆσεται
1071 2361 1132 2425 τὸν

115 2468 215 2533 πάλαι
229 2477 297 2532 τῶν
316 2465 543 2551 ἀφαιρεθῆναι
558 2466 639 2531 οἵων
657 2490 692 2532 τε
711 2466 831 2532 ἑαυτὸν
850 2466 1130 2553 άλλοτριάισαντα,
1146 2483 1174 2523 1⁰¹

116 2576 234 2658 ἔχοντα
259 2569 296 2637 δὲ
318 2573 377 2636 τὸν
397 2573 502 2648 όντως
521 2570 640 2636 ἑαυτὸν
663 2570 717 2637 καὶ
740 2576 845 2651 ζῶντα
868 2572 905 2638 ἐν
923 2583 993 2650 τοῖς
1012 2571 1135 2639 ἑαυτοῦ

116 2676 172 2744 καὶ
194 2679 401 2764 τρεφόμενον
430 2677 494 2742 άπδ
521 2688 589 2741 τῶν
612 2677 715 2743 αὑτοῦ
739 2678 875 2764 καὶτῆς
898 2679 1084 2765 άμετρῆτου
1108 2669 1134 2766 ᾧ

119 2795 284 2870 συνῆπται
306 2788 392 2849 θεοῦ
416 2784 566 2862 εὐζωίας;
589 2793 739 2851 τοιαῦται
761 2783 822 2871 μὲν
847 2781 909 2851 οὖν
932 2786 1012 2871 ῆμῖν
1036 2788 1135 2851 ἔστω-

79 2911 105 2951 εε
118 2908 182 2958 σαν
215 2891 252 2956 αί
287 2893 370 2974 πρὸς
403 2891 465 2973 την
501 2891 709 2975 τελειοτάτην
742 2895 866 2977 σοφίαν
898 2889 1136 2979 Πυθαγορικαὶ

121 2998 352 3083 παρακλήσεις.

208 3103 263 3168 VI.
293 3097 383 3167 Ἐπεὶ
411 3099 448 3167 δὲ
477 3102 670 3188 ἀνθρώποις
693 3106 932 3191 διαλεγόμεθα,
953 3092 1033 3170 ἀλλ’
1060 3102 1137 3187 οὐχὶ

119 3220 189 3287 τοῖς
211 3210 273 3293 τῆν
295 3210 396 3274 θείαν
414 3219 535 3295 μοῖραν
557 3219 615 3294 τῆς
639 3214 721 3296 ζωῆς
738 3214 917 3299 πρόχειρον
935 3213 1059 3296 ἔχουσι,
1085 3211 1139 3275 δεῖ

191 3380 227 3428 20
245 3376 287 3439 τίς
305 3393 355 3430 scr.
375 3375 413 3430 K:
434 3396 475 3438 τις
488 3379 499 3447 ΙΙ
512 3372 571 3448 τόν]
591 3346 657 3431 τῶὸν
680 3379 689 3448 l!
712 3383 745 3431 21
771 3365 1000 3447 άλλοτριῶσαντῗ,
1017 3375 1087 3430 item
1102 3381 1136 3430 22

114 3465 269 3596 Ιγιχντζᾶῖ
284 3459 421 3601 ζῶνχίὲοῖ
436 3481 470 3530 23
485 3474 661 3546 τρεφόμενον
681 3492 714 3529 ex
732 3473 896 3546 τρεφομένω
911 3477 968 3544 1127
983 3491 1006 3530 0.
1022 3475 1068 3530 VI.
1084 3473 1137 3529 VII

99 3564 179 3594 =.
269 3563 315 3614 εμ,
388 3589 393 3600 .
