2430 3848
106 169 148 233 88
368 206 370 210 ‚
512 165 703 222 IAMBLwffl

105 327 306 414 τεταγμένον
337 326 470 414 προέχει
496 337 557 393 τοῦ
590 327 778 413 ἀκοσμὴτου
811 351 845 394 τε
878 327 934 394 καὶ
966 327 1120 411 ἀτάκτου,

107 433 183 501 ὥστ’
210 435 243 513 ἐξ
266 437 411 513 ἅπαντος
433 438 559 521 τρόπου
582 436 644 518 τὴν
668 434 887 518 δικαιοσύνην
908 433 965 500 καὶ
989 451 1122 520 σωφρο-

107 542 215 626 σύνην
238 540 399 625 ἀσκητέον
422 543 486 627 πρὸ
509 552 577 606 τῶν
600 540 762 606 ἐναυτίων
785 539 894 618 ἕξεων.
940 539 995 606 καὶ
1021 549 1122 606 τοῦτο

107 647 168 733 μὲν
191 647 271 734 ἡμῖν
295 649 400 725 οὕτως
423 647 530 732 ἐχέτω.

81 775 94 814 5
197 755 285 820 XIX.
309 754 460 820 Λόναιτο
476 749 507 819 δ’
525 755 567 819 ἀν
585 777 635 830 τις
653 750 708 818 καί
725 751 795 819 κατ’
815 755 905 818 ίδίαν
924 753 987 819 ἀπὸ
1001 765 1070 820 τῶν
1086 753 1124 820 έν

108 869 147 944 τη
170 868 259 944 ψυχῇ
281 859 422 941 ἀγαθῶν
444 859 634 940 ἐπεξελθεῖν
651 867 697 947 τῷ
716 859 933 949 προκειμένῳ,
958 860 1125 926 δεικνύων
1172 893 1179 897 ·

109 965 219 1031 αὐτῶν
247 967 284 1030 τὸ
311 963 425 1031 τέλεον
451 965 507 1031 καί
538 965 657 1051 κύριον
690 965 912 1049 εὐδαιμονίας.
964 966 1031 1054 ὄσφ
1059 968 1124 1052 γδιρ

108 1072 129 1154 ἡ
157 1072 247 1157 φυχὴ
279 1080 340 1136 τοῦ
373 1071 523 1156 σώματος
551 1069 698 1157 προέχει,
730 1072 879 1159 τοσοότφ
912 1077 1040 1156 μᾶλλον
1066 1071 1124 1137 καί
1138 1090 1178 1129 10⁷

109 1178 241 1260 τάγαθδι
260 1178 361 1262 αὐτῆς
379 1177 545 1264 ὑπερέχει·
567 1175 622 1242 καί
643 1180 683 1243 τά
701 1175 762 1263 μὲν
780 1187 841 1244 τοῦ
861 1180 1010 1264 σώματος
1033 1181 1126 1244 ἔσται

71 1304 96 1343 10
110 1285 397 1369 εὐκαταφρόνητα,
434 1286 475 1349 τδι
507 1280 544 1348 δὲ
574 1292 633 1366 της
664 1293 771 1368 ψυχῆς
802 1287 893 1368 τίμια
925 1285 980 1350 καί
1013 1285 1128 1369 σεμνοί.

110 1389 164 1455 καί
191 1392 229 1455 τὸ
258 1389 390 1472 ἀγαθὸν
418 1384 481 1455 οὖν
509 1389 550 1454 οὐ
577 1390 615 1453 τὸ
644 1389 725 1455 αὐτό
758 1389 848 1455 ἐστιν
876 1390 956 1476 ὅπερ
984 1392 1021 1456 τὸ
1049 1390 1126 1474 ἡδύ,

110 1493 165 1560 καί
187 1503 248 1561 τοῦ
271 1494 405 1577 ἀγαθοῦ
424 1495 520 1561 ἕνεκα
538 1493 702 1581 πρακτέον
720 1497 757 1561 τὸ
776 1495 852 1580 ἡδύ,
877 1497 919 1561 οὐ
937 1496 975 1561 τὸ
994 1495 1127 1579 ἀγαθὸν

112 1601 208 1667 ἕνεκα
221 1610 283 1667 τοῦ
297 1599 403 1685 ἡδέος.
431 1600 497 1685 ἡδὺ
516 1599 556 1666 δέ
573 1600 642 1666 ἐστι
659 1610 769 1685 τοῦτο,
793 1597 833 1666 οὗ
852 1602 1127 1688 παραγενομένου

111 1707 273 1792 ἡδόμεθα,
294 1708 426 1791 ἀγαθὸν
445 1706 493 1792 δέ,
514 1703 554 1772 οὗ
569 1710 734 1793 παρόντος
753 1707 881 1791 ἀγαθοί
897 1709 1004 1793 ἐσμεν.
1044 1709 1129 1775 ἀλλά

73 1833 97 1872 15
112 1816 179 1899 μὴν
204 1815 332 1898 ἀγαθοί
357 1813 397 1896 γέ
418 1815 517 1899 ἐσμεν
543 1811 599 1878 καὶ
628 1812 722 1897 ἡμεῖς
748 1811 804 1878 καὶ
829 1816 870 1879 τά
898 1815 981 1880 ἀλλα
1006 1816 1127 1898 πάντα,

112 1922 175 1986 ὅσα
198 1920 310 2003 ἀγαθά
333 1919 438 2003 ἐστιν,
469 1919 585 2004 ἀρετὴς
614 1941 706 1995 τινος
727 1918 1007 2004 παραγενομένης.
1045 1922 1129 1987 ἀλλὰ

113 2023 173 2112 μὲν
194 2027 234 2110 δὴ
258 2026 279 2108 ἡ
302 2048 339 2109 γε
363 2025 461 2109 ἀρετὴ
484 2023 633 2107 έκάστου,
657 2024 713 2089 καί
737 2025 877 2102 σκεύους
899 2023 955 2090 καί
978 2026 1130 2111 σώματος
1143 2047 1179 2086 26(

112 2131 167 2196 καὶ
190 2139 298 2215 ψυχῆς
321 2126 364 2195 αὗ
387 2129 442 2195 καί
467 2127 553 2218 ζῴου
576 2133 715 2213 παντός,
744 2130 785 2196 οὐ
811 2138 856 2218 τῷ
882 2132 951 2217 είκὴ
974 2131 1031 2198 καὶ
1053 2135 1130 2199 κάλ-

113 2243 209 2302 λιστα
222 2239 470 2322 παραγίγνεται,
491 2236 573 2302 ἀλλὰ
592 2236 681 2315 τάξει
695 2234 750 2301 καί
769 2237 928 2322 ὀρθότητι
946 2236 1002 2303 καί
1020 2238 1130 2326 τέχνη,

75 2363 102 2402 20
115 2345 185 2427 ἡτις
209 2342 333 2430 έκάστφ
358 2341 558 2408 ἀποδέδοται
582 2343 701 2408 αὐτῶν.
738 2343 827 2421 τάξει
845 2345 910 2430 ἀρα
928 2344 1130 2429 τεταγμένον

113 2474 145 2514 τι
168 2448 223 2515 καὶ
245 2447 493 2533 κεκοσμημένον
517 2447 608 2515 ἐστίν
631 2450 652 2532 ἡ
676 2449 774 2533 ἀρετὴ
799 2448 954 2532 ἑκάστου,
978 2451 1022 2528 ὡς
1046 2455 1129 2537 φαίη

115 2558 157 2621 ἀν
179 2574 228 2632 τις
251 2559 435 2641 σωφρόνως
463 2558 755 2639 λογιζόμενοςεε*
780 2555 816 2621 ἐν
840 2555 965 2642 έκάστφ
994 2558 1086 2643 [γάρ]
1112 2558 1129 2624 ὁ

116 2661 254 2726 ἑκάστου
284 2662 405 2738 οίκεῑος
432 2660 565 2743 ἀγαθὸν
593 2659 727 2746 παρέχει
755 2661 894 2727 ἕκαστον
921 2672 988 2728 τῶν
1011 2665 1131 2730 όντων.

116 2768 199 2833 ὅθεν
223 2768 263 2850 δὴ
287 2765 343 2831 καί
365 2769 454 2852 ψυχὴ
478 2770 604 2852 κόσμον
627 2771 750 2852 ἔχουσα
778 2771 837 2834 τὸν
861 2768 962 2852 αὑτὴς
984 2769 1132 2853 ἀμείνων

75 2893 101 2933 ει
115 2883 173 2958 της
195 2873 393 2965 ἀκοσμὴτου.
430 2873 514 2940 ἀλλά
532 2876 599 2959 μὴν
617 2875 638 2957 ἡ
657 2898 694 2956 γε
713 2877 839 2959 κόσμον
858 2877 980 2959 έχουσα
998 2879 1131 2960 κοσμία,

116 2980 136 3063 ἡ
161 2979 200 3046 δέ
221 3004 258 3063 γε
280 2984 402 3065 κοσμία
425 2980 585 3065 σώφρων·
608 2979 629 3064 ἡ
648 2981 712 3065 ἀρα
731 2982 878 3067 σώφρων
901 2982 990 3064 ψυχὴ
1009 2980 1132 3065 ἀγαθὴ.

206 3161 248 3211 11.
266 3173 293 3225 p.
310 3161 353 3224 90,
370 3161 403 3210 14
421 3153 494 3210 Ριιι.
514 3154 598 3224 Gorg.
617 3172 643 3224 p.
660 3161 712 3209 τοο
723 3156 832 3210 ο-εοε
841 3158 873 3208 A.

208 3321 240 3368 15
259 3315 291 3382 γέ
310 3313 371 3368 PK:
390 3331 419 3367 τε
434 3313 443 3382 ΙΙ
457 3317 490 3366 21
510 3314 540 3366 τί
554 3313 564 3382 ΙΙ
582 3319 615 3367 22
634 3313 765 3367 lacunam
783 3317 848 3384 post
866 3311 1132 3385 λογιζόμενοςὶοδί-

117 3385 181 3440 cavi
199 3387 229 3440 et
246 3401 311 3439 mox
329 3381 384 3452 γὰρ
403 3383 509 3438 delevi:
534 3386 696 3438 exciderunt
713 3385 840 3440 Platonis
864 3388 950 3441 verba
968 3381 1073 3457 κόσμος
1091 3407 1134 3450 τις

111 3453 174 3521 ἀρα
194 3452 394 3526 ἐγγενόμενος,
422 3455 496 3509 unde
519 3451 623 3526 κόσμος
649 3455 769 3526 arripuit
792 3459 822 3510 et
846 3459 910 3526 post
932 3455 1038 3520 οἰκεῖος
1060 3458 1133 3513 inse-

94 3523 161 3576 ruit
174 3523 279 3593 Κγει
300 3521 399 3598 αὐτῆς.
