2430 3848
137 168 202 233 130
280 168 434 225 SGHOLIA
452 169 492 224 IN
511 168 703 225 IAMBLICHI
721 166 1012 224 PROTREPTICUM.

225 358 252 413 p.
269 339 321 411 82,
337 341 432 415 19sq.
455 344 508 397 τοῦ
532 333 660 414 όμματος
683 343 736 396 τοῦ
758 328 831 394 καθ’
856 333 1004 396 ὑπόθεσιν
1028 331 1123 409 ὄντος.

224 446 252 500 p.
269 428 321 501 83,
338 429 431 501 quq.
454 422 552 486 όποῐοι
576 424 772 504 τυγχάνουσιν
796 422 876 484 οἵτε
895 423 1015 503 ῥήτορες
1033 423 1084 485 καί
1103 443 1155 487 σο-

137 511 238 589 φισταί
261 511 311 573 καί
334 512 505 594 δημαγωγοὶ
527 512 577 574 καὶ
601 510 755 593 στρατηγοί
777 521 835 572 τῶν
856 507 1037 590 Ἀθηναίων.

224 623 252 679 p.
268 605 355 680 84,4
379 600 411 662 ἐκ
433 610 486 663 τοῦ
508 605 705 663 Πλατωνικοῦ
728 601 855 680 Γοργίου
880 600 1020 680 εἴληπται.

105 704 120 744 5
223 712 251 766 p.
268 695 352 769 90,7
379 691 410 751 οί
430 688 532 767 σοφοί]
557 692 589 751 οί
608 687 822 770 Πυθαγόρειοι.

222 800 250 855 p.
267 782 375 857 90,18
399 779 469 851 τοὺς
491 777 603 856 ἔπειτα]
626 778 696 851 τοὺς
719 777 896 857 ἀπογόνους.

222 888 250 943 p.
268 872 318 945 91,
334 869 406 944 8sq.
422 864 553 946 ’Όμηρος
576 866 618 949 (A
632 861 725 950 405)·
751 862 846 944 ςἡμεῖς
868 889 913 927 τοι
930 863 1065 947 πατέρων
1084 863 1147 949 μέγ’

134 953 287 1033 ἀμείνονες
310 950 449 1034 εὐχόμεθ’
475 950 571 1017 εἶναι’.
645 967 647 970 ’

222 1065 249 1120 p.
271 1048 322 1123 91,
338 1048 379 1105 24
403 1042 434 1105 τὸ
458 1042 587 1123 Μηδὲν
610 1042 700 1126 ἀγαν
723 1043 906 1123 ἀπόφθεγμα
928 1044 1070 1116 Σόλωνος
1096 1053 1152 1106 τοῦ

92 1148 119 1188 ιο
129 1127 303 1210 Ἀθηναίου.

220 1243 249 1298 p.
266 1226 316 1299 92,
333 1225 372 1283 25
385 1242 447 1299 sqq.
471 1220 537 1282 ἀντί
559 1230 612 1282 τοῦ
631 1220 719 1302 χωρίς
742 1220 933 1299 δικαιοσύνης
955 1218 974 1299 ἡ
1000 1220 1082 1301 ίσχδς
1101 1221 1152 1283 καὶ

132 1306 152 1387 ἡ
175 1306 300 1388 ταχυτὴς
323 1309 454 1392 φλυαρία
477 1310 504 1369 εί
521 1310 540 1370 ί.

220 1420 248 1474 p.
258 1401 309 1476 99,
320 1402 358 1458 19
370 1418 432 1474 sqq.
442 1396 473 1457 τὸ
483 1406 536 1458 τοῦ
543 1393 705 1477 Ὁμηρικοῦ
713 1396 911 1476 Σαρπηδόνος
921 1391 979 1481 (Μ
984 1391 1045 1460 322
1056 1393 1150 1481 sqq.)'

132 1479 171 1545 ‘el
192 1482 246 1562 μὲν
269 1484 324 1565 γάρ
347 1485 475 1564 πόλεμον
497 1485 565 1567 περὶ
587 1486 673 1547 τόνδε
695 1485 825 1567 φυγόντε
848 1482 970 1570 <κιλ.>’.

90 1588 118 1630 15
220 1596 249 1651 p.
267 1578 394 1654 117,15
420 1575 454 1635 αἱ
473 1574 625 1655 κρεάγραι]
649 1575 749 1653 όμοιαι
771 1575 826 1655 γοίρ
850 1576 923 1637 εἰσιν
946 1573 1099 1662 ἀγκίστρῳ.

219 1685 247 1740 p.
265 1667 448 1742 118,14sq.
472 1664 504 1725 οί
523 1663 672 1742 νεώτεροι]
698 1664 729 1725 οἱ
748 1665 885 1726 Στωικοί.

219 1773 247 1828 p.
264 1755 336 1828 120,
354 1757 392 1813 17
420 1752 495 1831 ζήτει
517 1751 549 1813 τὸ
572 1752 649 1835 Περί
672 1759 748 1814 θεοῦ
772 1753 948 1833 σύγγραμμα
971 1760 1024 1814 τοῦ
1048 1769 1151 1831 σοφω-

131 1840 218 1902 τοίτου
238 1836 413 1919 Ἰαμβλίχον.

221 2033 236 2083 9
256 2025 302 2098 τὸ]
322 2029 359 2082 τό
372 2029 383 2099 ΙΙ
398 2035 432 2082 14
451 2027 479 2084 εί
495 2028 560 2100 μὲν]
580 2025 650 2100 ἐμὸν
663 2031 673 2100 ΙΙ
687 2024 838 2100 φυγόντας.
