2430 3848
106 163 149 228 60
513 159 703 217 IAMBLICHI

105 334 217 391 ταῦτα.
255 325 380 390 οὐκοῦν
399 328 463 389 εῖτε
478 327 641 410 φρόνησίς
659 323 738 407 ἐστι,
763 326 912 410 φανερὸν
932 324 983 390 ὅτι
1001 326 1120 407 μόνοις

106 431 148 497 ἀν
170 430 313 517 ὑπάρχοι
340 442 409 509 τοῖς
437 434 638 516 φιλοσόφοις
660 433 696 496 τὸ
722 434 779 515 ζῆν
803 430 1023 515 εὐδαιμόνως,
1052 436 1120 496 εῖτε
1135 455 1166 495 ττι

106 537 205 624 ἀρετὴ
237 547 344 623 ψυχῆς
375 536 395 621 ἢ
428 539 465 602 τὸ
497 539 641 623 χαίρειν,
673 535 736 601 κάν
768 537 874 614 ούιως
905 535 925 620 ἢ
954 540 1071 621 μόνοις
1098 536 1119 622 ἢ

107 645 247 730 μάλιστα
269 646 417 710 πάντων·
445 644 543 729 άρειη
572 644 635 728 γάρ
663 641 733 708 ἐστι
758 644 796 708 τὸ
822 644 1028 728 κυριώτατον
1051 654 1120 710 τῶν

81 752 144 820 εέν
167 752 263 836 ημῖν,
290 752 428 834 ἥδιστόν
454 773 490 815 τε
516 750 651 815 πάντων
678 745 768 815 ἐστὶν
796 751 840 827 ὡς
867 750 904 815 ἓν
932 751 1015 834 πρὸς
1037 750 1120 834 ἓνὴ

108 860 281 942 φρόνησις.
327 856 449 941 ὁμοίως
473 853 510 921 δὲ
531 854 595 922 κάν
616 864 719 921 ταῦτα
742 856 849 920 πάντα
874 856 977 920 ταύτά
1000 864 1047 941 φῇ
1070 880 1122 934 τις

108 958 273 1047 εἶναιτὴν
292 963 519 1048 εὐδαιμονίαν,
539 961 691 1048 ὁριστέον
709 960 778 1027 ἐστὶ
796 964 833 1027 τὸ
850 973 1000 1047 φρονεῖν.
1036 964 1121 1029 ώστε

109 1069 356 1155 φιλοσοφητέον
380 1068 421 1136 άν
445 1075 495 1154 εῖη
514 1077 595 1136 πᾶσι
612 1079 683 1147 τοῖς
702 1068 914 1157 δυναμένοις·
937 1069 957 1153 ἢ
981 1071 1045 1154 γάρ
1068 1092 1123 1134 τοι

108 1174 197 1243 τοῦτ’
219 1175 289 1242 ἐστὶ
311 1178 348 1242 τὸ
371 1174 490 1253 τελέως
512 1172 550 1242 εὖ
574 1180 642 1260 ξῆν,
664 1175 685 1260 ἢ
708 1176 849 1260 μάλιστά
867 1199 904 1258 χε
922 1177 1058 1241 πάντων
1077 1177 1123 1256 ὡς

69 1311 95 1351 10
108 1286 146 1350 ἓν
170 1285 274 1349 είνιεῖν
296 1289 405 1348 αίτιον
431 1293 503 1360 ταῖς
528 1292 657 1367 ψυχαῖς.
703 1276 775 1348 ἀλλ’
801 1282 949 1348 ἐνταῦθα
976 1279 1037 1365 μὲν
1066 1283 1124 1348 διά

51 1388 53 1395 ’
109 1393 146 1454 τὸ
169 1390 258 1475 τιαρδι
281 1391 387 1474 φύσιν
410 1394 489 1465 ίσεος
511 1383 657 1453 εἶναιτὸ
681 1388 778 1471 γένος
800 1388 894 1474 ἡμῶν
916 1391 1061 1473 χαλεπὸν
1083 1391 1121 1455 τὸ

109 1497 296 1581 μανθάνειν
319 1519 351 1560 τι
373 1494 429 1560 καὶ
452 1505 588 1561 σκοπεῖν
611 1495 695 1578 ἐστι,
718 1493 773 1561 καὶ
796 1498 890 1581 μόλις
913 1495 1122 1580 αἰσθάνοιτο,

111 1602 167 1667 διά
198 1604 259 1687 την
291 1602 418 1687 ἀφυΐαν
449 1599 504 1668 καὶ
530 1603 592 1686 τὴν
623 1604 712 1688 παρά
744 1603 849 1687 φύσιν
883 1605 981 1686 ζωήν·
1014 1602 1056 1669 ἀν
1085 1601 1126 1668 δέ

110 1732 190 1776 ποτε
209 1712 411 1795 δυνηθῶμεν
430 1716 583 1794 σωθῆναι
601 1710 701 1774 πάλιν
720 1709 803 1775 ὅθεν
822 1708 1043 1794 ἐληλύθαμεν,
1066 1711 1123 1794 δη·

72 1841 97 1883 ιι
111 1821 172 1882 λον
195 1819 240 1894 ώς
262 1818 361 1901 ἥδιον
384 1814 439 1882 καὶ
462 1815 547 1904 ῥᾷον
571 1815 651 1881 αύιὸ
679 1819 861 1901 ποιήσομεν
884 1816 1011 1894 πάντες.
1056 1824 1123 1881 νῦν

110 1921 171 2008 μὲν
193 1926 257 2009 χάρ
280 1921 454 2008 ἀφειμένοι
476 1933 543 1988 τῶν
566 1921 705 2006 ἀγαθῶν
729 1923 944 2007 διατελοῦμεν
962 1923 1125 2008 πράττον-

110 2052 163 2107 τες
185 2032 225 2094 τά
248 2028 421 2112 ἀναγκαῖα,
446 2025 501 2092 ιιαὶ
524 2029 665 2111 μάλιστα
687 2029 822 2094 πάντων
845 2029 881 2093 οί
900 2030 1040 2113 μάλιστα
1064 2055 1125 2114 μα-

111 2136 222 2221 κάριοι
245 2135 422 2210 δοκοῦντες
445 2129 531 2198 εἶναι
553 2145 623 2211 τοῖς
641 2139 788 2212 πολλοῖς·
813 2133 871 2199 έδιν
890 2130 927 2199 δὲ
948 2143 1005 2218 τῆς
1023 2135 1126 2220 οὐρα·

111 2245 186 2319 νίας
208 2241 292 2307 ὁδοῦ
314 2241 493 2324 λαβώμεθα
516 2238 571 2304 καὶ
594 2238 648 2305 ἐπὶ
667 2241 704 2304 τὸ
724 2241 895 2325 σύννομον
919 2243 1042 2327 άστρον
1061 2244 1124 2327 τὴν
1139 2245 1166 2339 ἐξ

72 2371 99 2410 νο
113 2350 199 2432 ζωὴν
226 2349 288 2432 την
316 2345 444 2412 ἑαυτῶν
472 2346 713 2432 ἀπερείσωμεν,
745 2349 818 2411 τότε
850 2352 1126 2433 φιλοσοφήσομεν

113 2459 230 2534 ζῶντες
256 2454 391 2537 άληθῶς
417 2452 472 2518 καὶ
503 2453 670 2537 θεώμενοι
698 2454 843 2537 θεαρίας
871 2453 1060 2538 ἀμηχάνους
1087 2459 1126 2522 τὸ

111 2562 245 2643 κάλλος,
274 2559 476 2638 ἀτενίζοντες
497 2567 536 2642 τῇ
559 2566 648 2642 ψυχῇ
671 2561 754 2643 πρὸς
776 2559 838 2641 την
862 2558 1022 2643 ἀληθειαν
1045 2559 1126 2646 ἀρα-

113 2670 217 2750 ρότως
243 2664 298 2730 καὶ
320 2665 488 2748 θεώμενοι
510 2665 571 2747 τὴν
594 2674 661 2730 τῶν
688 2670 779 2730 θεῶν
803 2664 923 2750 ἀρχήν,
947 2665 1127 2752 εὐφραινό-

112 2797 208 2859 μενοι
225 2769 279 2838 ιιαὶ
293 2774 464 2857 χαίροντες
478 2780 624 2855 συνεχῶς
638 2769 701 2836 ἀπὸ
716 2779 776 2836 τοῦ
794 2777 948 2857 θεωρεῖν,
966 2772 1127 2855 ἡδόμενοι

204 2988 236 3037 19
256 2978 302 3037 ἐπὶ
321 2978 353 3037 τὸ
373 2979 450 3037 σάνν.
470 2977 585 3052 ἄστρον]
606 2981 640 3035 cf.
657 2979 729 3035 Put.
745 2980 815 3036 Tim.
831 3000 858 3051 p.
873 2982 947 3037 4213.
962 2983 972 3051 η
986 2988 1071 3050 τινα.
1091 2983 1126 3039 cf.

112 3054 184 3108 Put.
200 3053 283 3108 civit.
297 3053 323 3107 X
342 3071 369 3122 p.
384 3053 471 3108 6le
489 3052 563 3114 θέας
581 3048 745 3122 ἀμηχάνους
763 3049 794 3106 τὸ
813 3049 922 3115 κάλλος.

203 3255 218 3302 'l
239 3244 366 3315 αἱρετέον
385 3247 517 3302 emendat
530 3247 683 3302 Vulcanius
697 3248 706 3316 ss
721 3252 753 3301 12
775 3238 854 3319 <διν>
873 3245 1041 3302 αἰσθάνοιτο
1062 3249 1127 3303 scri·

112 3320 249 3375 bendum:
273 3338 313 3380 τις
337 3318 404 3373 addi
422 3318 513 3374 voluit
529 3320 563 3386 A,
586 3335 641 3386 quo
664 3319 748 3372 facile
771 3318 927 3373 carebimus
951 3319 996 3388 (of.
1017 3318 1127 3386 Βοοὶῖν,

112 3390 173 3445 Ind.
188 3390 274 3445 Arist.
289 3408 315 3459 p.
332 3385 408 3460 5891‘,
417 3395 451 3444 47
466 3391 548 3458 squ).
580 3387 702 3444 conicias
716 3387 802 3444 etium
815 3387 899 3458 plura
913 3389 1048 3445 excidisse
1062 3398 1129 3459 post

108 3457 309 3516 αἰσθάνεσθαι
324 3463 337 3530 1}
355 3466 388 3516 19
409 3457 549 3533 σύννομον
568 3461 592 3513 A
612 3459 642 3513 in
661 3458 823 3530 easugau.=
846 3457 971 3533 σύνομον
994 3461 1024 3514 in
1046 3463 1128 3516 textu

94 3529 128 3578 εί
142 3546 214 3583 turs.
234 3532 267 3583 ιἰι
285 3549 379 3602 marg.
