2430 3848
316 183 587 240 PROTREPTICUS
605 186 641 255 (ο.
656 184 755 239 XVIII.
769 183 854 256 XIX).
1048 186 1090 250 89
1190 194 1197 210 ’

76 345 165 429 λέγω
190 346 230 429 δη
254 340 317 412 οὖν
341 345 406 428 ὅτι,
435 347 466 412 εί
486 347 507 429 ἡ
531 346 676 432 σώφρων
700 345 812 430 ἀγαθή
835 345 942 430 ἐστιν,
971 346 993 430 ἡ
1015 348 1093 413 τού·

10 470 62 512 αα
77 456 217 519 ναντίον
248 460 288 537 τῇ
321 453 474 539 σώφρονι
505 459 696 519 πεπονθυῖα
727 456 810 537 κακή
841 453 945 520 ἐστιν·
982 450 1025 538 ἦν
1057 453 1095 521 δέ

71 559 163 642 αὕτη
187 557 207 642 ἡ
231 559 351 644 ἀφρων
374 556 487 624 τεκαὶ
510 558 699 637 ἀκόλαστος.
734 561 841 643 πολλὴ
865 559 1002 644 ἀνάγκη.
1039 560 1095 627 καὶ

79 667 146 750 μὴν
168 665 187 731 ὅ
210 689 248 748 γε
266 665 414 751 σώφρων
431 665 472 730 τδι
489 667 701 751 προσήκοντα
723 666 862 753 πράττοι
885 664 928 732 δν
945 664 1001 733 καὶ
1019 666 1095 751 περὶ

77 773 183 848 θεοὺς
213 768 269 836 καί
296 770 511 857 ἀνθρώπους·
544 771 585 837 ού
614 773 676 858 γὰρ
701 771 751 839 ἀν
782 784 958 859 σωφρονοῖ
981 774 1022 838 τὰ
1049 775 1122 858 μὴτ

79 880 291 965 προσήκοντα
317 879 478 964 πράττων.
525 876 581 944 καὶ
607 881 674 964 μὴν
701 878 777 963 περὶ
804 877 865 964 μέν
893 879 1096 966 ἀνθρώπους

10 1002 64 1042 ›211-
79 986 120 1049 τά
147 986 358 1071 προσήκοντα
383 985 537 1072 πράττων
566 986 678 1050 δίκαια
706 984 748 1052 ἀν
771 987 924 1072 πράττοι,
954 985 1031 1073 περὶ
1058 983 1096 1051 δὲ

80 1093 185 1167 θεοὺς
216 1091 305 1156 ὅσια·
337 1093 397 1158 τὸν
430 1089 468 1157 δὲ
499 1093 540 1157 τδι
572 1093 684 1157 δίκαια
715 1089 770 1156 καί
803 1092 879 1157 ὅσια
910 1093 1096 1179 πράττοντα

80 1197 208 1280 ἀνάγκη
232 1198 363 1263 δίκαιον
385 1196 442 1263 καὶ
465 1198 560 1264 ὅσιον
584 1193 679 1264 εἶναι.
720 1196 776 1262 καὶ
803 1195 929 1282 μὲνδὴ
960 1196 1016 1263 καὶ
1039 1198 1096 1263 ἀν-

81 1305 196 1386 δρεῖόν
218 1327 256 1386 γε
279 1303 420 1388 ἀνάγκη·
444 1304 485 1370 ού
508 1306 571 1391 γδιρ
595 1305 637 1388 δὴ
657 1305 833 1391 σώφρονος
856 1305 980 1390 ἀνδρός
1004 1304 1094 1370 ἐστιν
1110 1324 1136 1362 10

81 1410 158 1475 οὔτε
182 1409 316 1476 διώκειν
344 1411 421 1476 οὔτε
450 1412 589 1496 φεύγειν
612 1410 633 1476 ἃ
660 1413 704 1496 μὴ
732 1413 907 1498 προσήκει,
936 1410 1018 1476 ἀλλὰ
1046 1413 1100 1476 δεῖ

80 1513 138 1581 καὶ
164 1518 339 1602 πράγματα
365 1514 422 1581 καὶ
450 1515 652 1600 ἀνθρώπους
679 1515 735 1583 καὶ
761 1518 887 1600 ἡδονάς
913 1516 970 1583 καί
992 1519 1098 1594 λύπας

82 1621 221 1705 φεύγειν
243 1620 298 1688 καὶ
324 1623 472 1706 διώκειν,
504 1620 559 1688 καὶ
582 1621 792 1706 ὑπομένοντα
815 1634 988 1709 καρτερεῖν
1012 1624 1098 1689 ὅπου

83 1730 142 1792 δεῖ.
189 1729 272 1794 ὥστε
299 1730 404 1812 πολλὴ
429 1729 555 1813 ἀνάγκη
578 1730 639 1794 τὸν
662 1731 838 1815 σώφρονα,
868 1729 978 1814 ὥσπερ
1007 1730 1098 1812 διηλ-

82 1840 207 1917 θομεν,
236 1836 368 1901 δίκαιον
396 1837 477 1901 ὄντα
499 1833 556 1901 καὶ
583 1835 740 1922 ἀνδρεῖον
763 1833 819 1900 καὶ
846 1835 942 1900 ὅσιον
966 1833 1098 1917 ἀγαθὸν
1113 1853 1140 1892 1⁵

83 1941 192 2027 ἄνδρα
215 1936 301 2007 εἶναι
324 1941 459 2024 τελέως,
487 1944 547 2007 τὸν
576 1939 614 2007 δέ
640 1942 772 2025 ἀγαθὸν
795 1936 834 2006 εὖ
856 1964 891 2006 τε
913 1937 969 2005 καὶ
991 1945 1100 2017 καλῶς

82 2047 239 2132 πράττειν
262 2046 343 2112 δάν
365 2048 502 2134 πράττη,
525 2051 585 2113 τὸν
605 2047 642 2114 δὲ
666 2043 703 2114 εὖ
726 2049 913 2134 πράττοντα
935 2047 1099 2133 μακάριόν

83 2176 118 2217 τε
145 2150 202 2217 καὶ
229 2153 412 2237 εὐδαίμονα
440 2149 540 2237 εἶναι,
572 2157 632 2220 τὸν
660 2153 697 2220 δὲ
729 2155 880 2238 πονηρὸν
906 2151 962 2219 καὶ
992 2165 1100 2230 κακῶς

83 2259 269 2345 πράττοντα
292 2261 429 2325 ἄθλιον·
458 2256 555 2337 οὗτος
584 2261 615 2325 δ’
641 2260 683 2325 δν
708 2261 800 2344 είηὸ
829 2260 987 2337 ἐναντίως
1014 2263 1100 2344 ἔχων

84 2373 129 2452 τῷ
154 2367 321 2452 σώφρονι,
345 2366 363 2431 ὁ
387 2367 576 2444 ἀκόλαστος.
623 2368 654 2431 εί
681 2368 723 2450 δη
751 2365 821 2432 ἐστι
849 2374 953 2430 ταῦτα
977 2365 1099 2449 ἀληθῆ,
1114 2383 1142 2423 εο

82 2473 143 2536 τὸν
171 2475 394 2558 βουλόμενον,
422 2474 467 2550 ὡς
493 2475 616 2556 έοικευ,
645 2473 829 2557 εὐδαίμονα
859 2466 945 2536 εἶναι
969 2487 1099 2556 σωφρο-

85 2579 193 2661 σύνην
217 2575 278 2662 μέν
297 2578 457 2645 διωκτέον
480 2577 536 2645 καὶ
558 2578 731 2663 ἀσκητέον,
757 2578 940 2644 ἀκολασίαν
959 2575 995 2642 δὲ
1019 2601 1100 2661 φεν-

10 2682 182 2748 1(θλ-κτέον
210 2685 255 2761 ώς
278 2687 344 2768 ἔχει
370 2686 485 2751 ποδῶν
513 2685 649 2763 ἕκαστος
671 2685 782 2771 ἡμῶν,
810 2682 867 2750 καὶ
893 2700 1101 2770 παρασκευα-

86 2789 184 2856 στέον
207 2791 347 2874 μάλιστα
370 2788 431 2875 μὲν
454 2790 560 2876 μηδὲν
579 2794 712 2857 δεῖσθαι
730 2800 791 2857 τοῦ
809 2791 1018 2871 κολάζεσθαι,
1043 2790 1101 2854 έδιν

86 2893 124 2961 δέ
148 2897 255 2980 δεηθῇ
275 2897 375 2973 αὐτὸς
396 2896 417 2981 ἢ
436 2898 537 2974 ἀλλος
558 2921 608 2975 τις
629 2908 697 2962 τῶν
716 2887 859 2979 οἰκείων,
883 2894 903 2979 ἢ
928 2894 1062 2977 ίδιώτης
1080 2895 1100 2979 ἢ
1116 2913 1143 2952 25

84 3005 195 3086 πόλις,
224 3002 397 3069 έπιθετέον
426 3005 523 3087 δίκην
545 3003 600 3069 καλ
623 3001 819 3085 κολαστέον,
851 3003 882 3067 εί
910 2999 1022 3086 μέλλει
1049 3001 1102 3066 εύ-

11 3121 71 3164 ²⁶4K
86 3108 217 3191 δαίμων
254 3101 349 3174 εἶναι.
395 3103 493 3184 οὗτος
529 3110 639 3193 ἔμοιγε
677 3109 771 3172 δοκεῖ
801 3107 819 3172 ὁ
856 3107 980 3183 σκοπὸς
1016 3101 1102 3171 εἶναι

85 3215 169 3296 πρὸς
197 3212 238 3277 δν
267 3212 432 3295 βλέποντα
461 3215 514 3279 δεῖ
540 3218 612 3298 ζῆν,
645 3210 700 3278 καί
727 3215 834 3279 πάντα
863 3216 909 3290 είς
936 3222 1034 3278 τοῦτο
1063 3215 1102 3276 τά

85 3319 192 3385 αὑτοῦ
221 3322 437 3386 συντείνοντα
464 3318 520 3384 καὶ
546 3322 586 3385 τά
615 3330 673 3404 τῆς
695 3323 836 3402 πόλεως,
866 3321 955 3396 ὅπως
978 3320 1102 3384 δικαιο-

176 3552 208 3600 11
228 3541 313 3618 ἀλλά]
329 3546 369 3604 εἰσ
382 3549 396 3619 Ι]
410 3553 444 3606 25
463 3543 528 3626 (ἢ)
548 3545 641 3617 αύτὸς
658 3551 758 3623 Ρηλθ
781 3544 888 3605 αύτοὶι.
